1992 3319
1545 260 1571 310 5
1585 259 1603 296 1

89 365 268 434 Agitur
293 367 428 416 enim
451 375 574 413 cum
592 356 819 411 hostibus
837 393 853 414 ‚
882 359 966 423 qui
988 354 1206 423 Regiam
1221 351 1520 423 dignitatem
1543 350 1684 422 aple-

91 477 186 540 beij
223 474 388 526 militis
425 470 717 524 conditione
754 483 847 521 nec
884 467 1190 535 distinguunt
1214 502 1232 521 ,
1270 481 1364 516 nec
1400 465 1681 533 respiciunt.

91 589 308 643 Ventus,
332 582 592 652 &pluvia‚
615 579 790 650 frigus,
814 579 868 632 ἅ
889 581 1031 631 aestus
1046 616 1063 638 ‚
1088 576 1268 629 eadem
1291 581 1412 628 aeris
1439 580 1685 644 intempe-

91 704 182 750 ries
207 699 328 765 Regi
346 700 397 746 in
417 694 552 746 bello
584 697 882 744 communis
905 690 1108 742 ferenda
1127 691 1195 742 est
1214 727 1230 748 ,
1262 706 1374 758 quae
1395 687 1557 742 militi.
1595 689 1685 741 Pa-

91 813 128 858 ri
165 806 358 875 fragore
377 819 637 859 tormenta
653 811 706 857 in
727 806 920 874 Regem
935 805 1181 868 reboant,
1219 801 1546 870 funestosque
1566 817 1687 855 con·

91 919 264 983 jiciunt
287 918 471 988 globos
496 956 510 976 ‚
525 916 727 986 ⁴quibus
750 915 892 967 miles
918 913 1050 965 cadit
1073 911 1430 981 stipendiarius,
1547 907 1686 961 Con-

93 1031 220 1095 iurat
248 1036 297 1081 in
319 1048 502 1081 omnes
529 1069 544 1086 ,
585 1029 637 1082 ἃ
679 1029 898 1098 singulos
935 1029 1278 1097 sclopetorum
1313 1026 1574 1095 displosio:
1614 1027 1687 1076 fu-

95 1141 156 1186 rit
192 1135 440 1203 aequaliter
475 1140 526 1185 in
564 1152 652 1186 eos
675 1175 690 1199 ,
733 1140 817 1203 qui
849 1140 1104 1202 imperant
1123 1171 1139 1191 ,
1175 1134 1297 1201 saepe
1324 1140 1480 1188 etiam
1504 1135 1646 1186 citius
1670 1172 1688 1195 ,

98 1253 213 1317 quia
232 1252 283 1299 in
303 1253 499 1316 primos
522 1246 790 1305 ordinum,
815 1252 945 1299 acin
968 1247 1080 1301 illos
1106 1283 1121 1304 ‚
1161 1262 1386 1314 quorum
1411 1264 1511 1297 una
1531 1252 1686 1298 virtus

98 1356 264 1409 Duces
286 1359 453 1425 sequi,
492 1355 543 1407 ὃ(
579 1373 762 1407 eorum
793 1361 1004 1423 imperia
1030 1355 1257 1424 exsequi„
1309 1355 1439 1426 Qis
1466 1356 1532 1406 est
1555 1391 1568 1412 ‚
1601 1361 1687 1425 qui

98 1466 319 1518 consulat
344 1466 558 1531 Principi
584 1462 710 1515 adeo
731 1462 1065 1531 periculosum
1086 1460 1278 1532 aggredi
1301 1463 1581 1513 tramitem?
1603 1469 1689 1531 qui

95 1582 276 1635 audeat
299 1588 348 1634 in
369 1583 516 1633 salute
536 1583 688 1650 Regis
715 1581 925 1632 salutem
952 1586 1108 1638 etiam
1132 1580 1391 1648 publicam
1422 1581 1544 1632 velle
1568 1587 1691 1649 peri-

97 1694 250 1744 clitari
272 1693 286 1743 Ρ
324 1694 396 1743 Ita
419 1697 624 1760 privati,
647 1698 713 1743 ita
733 1691 1167 1746 subditisentiuntz
1194 1694 1329 1744 aliter
1348 1693 1522 1762 RegeS.
1574 1695 1689 1747 Nec

96 1802 315 1871 Regibus
336 1814 512 1854 tamen
536 1801 642 1853 haec
667 1799 878 1854 honoris
899 1839 915 1859 ,
953 1819 1011 1853 ac
1029 1803 1198 1871 gloriae
1221 1804 1387 1873 regula
1407 1810 1477 1858 ita
1500 1813 1690 1862 univer-

98 1909 199 1961 salis
226 1911 291 1959 est
317 1949 331 1973 ,
370 1914 491 1978 quin
518 1908 569 1961 ὃς
597 1910 676 1961 illa
709 1908 1046 1978 disparitatem
1073 1912 1135 1964 ab
1158 1925 1304 1964 aetate
1331 1920 1544 1983 accipiat
1561 1935 1687 1971 n0n÷

98 2037 386 2087 nunquam,
412 2018 465 2071 &
490 2026 840 2089 exceptionem
866 2021 928 2075 ab
948 2023 1047 2090 ipsa
1066 2023 1269 2090 persona
1296 2024 1458 2093 Regis.
1531 2027 1692 2081 Even-

100 2145 182 2183 tus
212 2150 268 2182 ex
300 2131 476 2182 eadem
507 2136 694 2201 origine
715 2170 730 2191 ‚
774 2132 825 2185 ὃ(
860 2132 1056 2184 fundati
1081 2139 1134 2185 in
1157 2151 1264 2186 uno
1289 2141 1536 2204 principio
1561 2176 1576 2196 ,
1608 2156 1688 2192 va-

101 2247 287 2293 riantur
315 2240 473 2311 quarn
498 2242 778 2311 plurimum
798 2247 849 2294 in
870 2243 1015 2296 rebus
1046 2241 1243 2293 belliciS.
1319 2245 1409 2294 Vix
1436 2246 1619 2297 statuas
1642 2249 1693 2298 il-

103 2354 159 2407 lis
186 2355 431 2424 aequalem
475 2355 637 2424 legem
657 2393 672 2413 ‚
715 2360 786 2407 ita
805 2393 820 2413 ‚
864 2369 920 2406 ut
953 2373 1062 2409 non
1093 2369 1244 2424 agant
1273 2356 1411 2408 idem
1440 2358 1688 2426 Principes

105 2483 314 2525 omnes,
349 2467 489 2536 quod
508 2468 685 2535 plureS.

471 2581 638 2636 Multa
660 2583 780 2651 Regi
823 2581 1176 2649 consideranda
1202 2592 1474 2632 occurrunt
1492 2618 1507 2637 ‚
1537 2586 1690 2647 prius·

928 2697 978 2746 N
1020 2717 1041 2747 2
1464 2710 1622 2761 quam
