1992 3319
365 352 423 399 14

288 439 512 500 Stabilitei
534 447 586 494 in
618 442 803 511 Regnis
827 479 843 500 ‚
884 457 944 494 ac
978 441 1250 493 Provinciis
1285 441 1375 493 suis
1406 440 1677 510 Religionis
1702 441 1868 492 securi-

287 564 424 610 tate,
460 551 620 619 Reges
642 551 797 610 olim,
833 550 885 602 ὃς
918 550 1167 619 Principes
1205 547 1550 599 remotiffimis
1592 552 1749 597 etiam
1771 544 1868 597 Re-

288 663 522 735 gionibus
544 663 834 715 consultum
858 660 1059 714 voluere
1082 702 1097 723 ,
1135 653 1329 712 aemulis
1348 655 1640 717 virtutibfis,
1662 662 1872 726 pietate,

292 795 393 847 qua
416 790 603 828 terram
634 776 813 828 Christi
835 768 1045 844 vestigiis
1072 775 1260 825 sacram
1298 776 1514 823 venerari
1533 809 1548 830 ,
1579 767 1687 821 zelo
1708 808 1723 829 ‚
1762 786 1869 838 quo

291 897 345 944 in
362 892 579 943 eandem
605 909 732 943 verae
755 891 1025 959 Religionis
1051 889 1226 940 lumen
1252 886 1428 939 referre
1451 885 1748 944 aestuabant,
1767 884 1874 937 nul·

293 1007 350 1060 lis
371 1006 652 1075 sumptibus
683 1043 697 1063 ‚
732 1005 878 1055 nullis
900 1003 1129 1071 periculis
1149 1002 1400 1058 absterriti,

621 1118 781 1175 Fama
810 1115 985 1168 Crucis
1010 1116 1373 1184 Hierosolymis
1400 1114 1678 1184 praedica-tae
1700 1127 1880 1168 totum

295 1229 476 1298 dilapsa
495 1246 580 1297 per
603 1227 786 1279 orbem
807 1226 937 1277 dulci
957 1224 1359 1304 Christianorum
1379 1231 1582 1277 animos
1602 1225 1772 1290 jnfecit
1794 1245 1879 1279 au-

295 1332 379 1397 rfi3
412 1351 512 1403 qua
541 1339 936 1404 circumquaque
970 1334 1205 1402 spirante,
1240 1335 1380 1387 nulla
1410 1335 1507 1387 fuit
1540 1349 1652 1389 tam
1678 1352 1882 1391 remota

295 1463 416 1516 gens
439 1484 454 1505 ‚
486 1459 597 1497 tam
619 1446 791 1498 abdita
809 1485 825 1505 ‚
863 1465 974 1515 quae
1005 1464 1113 1498 non
1135 1448 1203 1498 sui
1221 1461 1424 1517 partem
1445 1456 1678 1504 mitteret.
1749 1451 1884 1506 Tan-

299 1560 356 1612 τό
384 1560 644 1612 Christiani
659 1558 876 1612 numero
896 1577 1039 1612 mare
1060 1562 1352 1612 transierunt
1370 1599 1385 1620 ,
1421 1575 1478 1613 ut
1503 1563 1754 1617 Occidens
1777 1571 1884 1616 uni·

299 1673 459 1726 versus
485 1671 758 1741 demigrare
773 1672 897 1722 visus
923 1671 979 1721 fit
1008 1674 1059 1720 in
1084 1670 1368 1727 Orientem.
1405 1672 1533 1725 Non
1545 1685 1647 1725 erat
1670 1675 1884 1725 velinter

302 1779 570 1847 conjuges,
592 1780 668 1830 vel
703 1784 829 1830 inter
864 1780 1259 1849 consanguineos
1301 1783 1552 1838 charitatis
1584 1793 1845 1846 vinculum
1867 1834 1884 1854 ‚

305 1887 448 1958 quod
472 1886 588 1938 huic
608 1888 789 1940 fervori
809 1890 969 1957 posset
992 1894 1330 1959 praejudicium
1349 1896 1525 1952 facere.
1592 1902 1791 1955 Omnes
1815 1910 1885 1961 in·

306 1996 583 2050 differenter
603 2015 787 2051 manus
811 1999 999 2052 dabant
1019 2040 1035 2060 ,
1072 2019 1254 2054 omnes
1280 2008 1582 2055 unanimiter
1606 2005 1756 2057 corde
1780 2044 1796 2064 ‚
1832 2005 1887 2058 &

308 2116 397 2156 ore
416 2118 602 2157 votum
631 2106 1032 2174 profitebantur:
1071 2109 1122 2160 ὅ(
1156 2109 1378 2178 pluribus
1411 2119 1565 2164 inerat
1595 2113 1886 2167 desiderium

311 2217 560 2270 moriendi
593 2220 762 2287 potitis
783 2259 799 2279 ‚
832 2222 991 2289 quem
1011 2220 1072 2272 ad
1093 2227 1296 2291 propria
1317 2223 1599 2275 revertendi.
1670 2227 1887 2280 Maximi

313 2332 468 2399 Reges
488 2369 502 2389 ‚
541 2331 791 2401 Principes
816 2371 830 2391 ‚
869 2333 1133 2392 Comites,
1172 2334 1224 2387 δε
1245 2336 1470 2387 Praesules
1500 2354 1558 2387 ex
1585 2336 1659 2388 his
1682 2348 1889 2410 peregri·

315 2443 605 2497 nationibus
625 2442 839 2496 claruere
862 2484 877 2503 ‚
913 2446 1218 2497 decurrentia
1239 2446 1300 2497 ab
1322 2447 1516 2498 Occasu
1537 2454 1588 2500 in
1615 2451 1808 2504 Ortum
1826 2455 1891 2523 sy-

315 2553 443 2605 clera.
516 2551 712 2603 Eorum
736 2550 1045 2621 Catalogum
1068 2551 1267 2604 exhibet
1284 2552 1650 2605 Eruditiffimus
1676 2557 1728 2609 P.
1753 2553 1892 2619 Jaco-

315 2664 410 2716 bus
434 2664 681 2717 Gretserus
705 2665 729 2716 ὲ
756 2664 867 2717 Soc.
887 2664 1002 2728 JEsu
1027 2671 1079 2718 in
1101 2666 1180 2718 sua
1196 2665 1446 2735 Apologia
1463 2683 1556 2734 pro
1580 2673 1804 2719 cruciatis
1819 2686 1899 2733 esra>

1693 2772 1826 2840 Pedif
