1992 3319
1521 318 1621 369 443

102 407 153 457 in
176 402 439 457 subsidium
463 403 602 456 sortis
628 400 1001 472 qualiscunque,
1022 403 1116 456 five
1140 408 1191 458 in
1213 404 1429 463 reditum
1459 410 1697 468 domina-

99 517 240 565 tione
264 516 715 582 imperiofiore,five
737 519 788 566 in
812 515 1046 568 solatium
1068 518 1211 581 exilii,
1230 518 1315 570 ubi
1340 523 1464 573 exuli
1486 526 1692 592 opulena

22 607 24 609 .
97 628 290 678 ‘tissimo
313 626 436 678 nihil
454 624 607 675 deesse
622 636 834 692 poterat.
918 624 1017 678 Res
1039 640 1215 680 contra
1234 631 1382 682 ceslit.
1452 631 1690 688 Maximi-

102 736 239 789 liano
266 733 440 790 multis
463 736 694 806 precibus
714 742 926 789 invitato
951 736 1297 806 Salisburgum
1326 744 1540 791 venienti
1576 743 1693 794 urbs

101 846 307 905 deditur,
327 853 472 899 omni
494 853 544 898 in
560 846 752 898 bellum
776 859 1019 914 apparatu
1039 849 1400 900 instrufflssima
1418 884 1437 909 ,
1458 849 1527 900 ob
1541 853 1692 903 fitum

98 955 196 1007 loci
224 961 304 1006 vix
329 971 558 1023 unquam
586 953 818 1022 speranda
843 959 1230 1022 expugnatione.
1306 951 1509 1015 Hie‚ubi
1526 959 1692 1010 Archi·

100 1066 329 1135 Episcopi
347 1066 536 1134 fugam,
559 1062 788 1134 fugaeque
808 1063 1030 1116 modum
1053 1071 1198 1118 novit
1213 1104 1226 1124 ,
1251 1068 1584 1139 afflielamque
1603 1072 1692 1123 Ec·

99 1178 301 1229 cleliam
325 1174 501 1228 cosam
525 1175 648 1226 vidit
676 1204 690 1225 3
723 1174 969 1226 continuo
992 1175 1276 1243 expeditam
1296 1185 1525 1247 equitum
1555 1180 1690 1235 alam

100 1286 282 1360 insequi
305 1291 452 1355 jussit,
476 1308 590 1358 quae
609 1287 841 1358 fugientis
855 1290 1049 1357 vestigia
1070 1290 1393 1356 premerem&
1416 1295 1444 1343 fi
1462 1293 1558 1343 fieri
1585 1294 1690 1362 pos-

101 1399 179 1463 set,
191 1398 453 1452 retraheret
479 1398 719 1467 praedam,
741 1397 770 1448 fi
793 1414 903 1447 non
921 1395 1207 1465 fugitivum.
1281 1399 1430 1452 Instat
1447 1419 1611 1470 equeS,
1633 1401 1685 1456 δί

99 1524 273 1580 praeter
293 1526 512 1562 omnem
553 1510 691 1577 spem
719 1507 899 1558 diutius
932 1511 982 1558 in
1011 1511 1181 1558 itinere
1214 1525 1337 1561 curn
1363 1511 1554 1564 sarcinis
1593 1516 1684 1567 suis

25 1613 27 1666 j
97 1622 370 1675 haerentem
390 1619 536 1672 Archi
557 1619 862 1688 Episcopum
885 1622 1152 1685 captivum
1176 1631 1335 1682 tenet,
1361 1620 1648 1692 reducitque
1671 1639 1685 1686 ;

100 1740 210 1791 lieet
232 1737 420 1805 asylum
449 1733 664 1802 praebere
693 1731 930 1782 debuisset
956 1742 1249 1798 opportuna
1281 1731 1482 1782 Austriae
1511 1734 1652 1785 tellus
1671 1768 1687 1793 ,

26 1882 27 1887 =
98 1852 149 1898 in
175 1860 274 1913 qua
288 1855 462 1909 captus
483 1840 548 1890 est
562 1858 575 1901 ;
614 1856 773 1907 quam
791 1845 899 1889 vim
921 1838 1033 1888 dein
1053 1841 1331 1906 Imperator
1351 1842 1472 1908 aegre
1499 1841 1657 1895 ferens
1667 1859 1683 1906 ·;

26 1946 29 1948 ’
99 1958 126 2008 a
148 1950 495 2006 Maximiliano
517 1948 784 2017 vero‚quid
804 1948 1010 2010 fastum,
1031 1947 1251 2007 εάοᾶυς,
1275 1954 1570 2018 ignorantiae
1593 1956 1683 2005 miz

96 2061 246 2114 litum
267 2063 496 2115 veniam,
520 2057 715 2108 nullam
741 2056 1089 2108 Maximiliano
1125 2054 1331 2125 culpam
1356 2057 1488 2110 dedit
1506 2096 1520 2121 ,
1545 2062 1680 2124 cujus

26 2156 30 2160 ’
97 2169 381 2224 moderatio
401 2170 695 2234 Imperatori
710 2166 812 2229 jam
828 2164 1021 2216 dudum
1036 2177 1175 2221 nota,
1188 2168 1237 2216 in
1252 2181 1311 2215 eo
1325 2171 1479 2218 etiam
1491 2171 1681 2236 enituit,

97 2278 239 2350 qubd
261 2272 539 2345 sumptibus
554 2268 644 2329 suis
661 2315 675 2336 ‚
697 2278 838 2331 nullo
866 2278 949 2330 suo
968 2279 1259 2331 commodo
1279 2281 1500 2332 Ecclesiae
1528 2281 1680 2332 Salis-

97 2388 319 2455 burgensi
353 2402 568 2437 ornnem
592 2389 998 2456 tranquillitatem
1020 2388 1047 2454 ζ
1073 2395 1123 2440 in
1149 2405 1303 2457 quam
1330 2390 1455 2440 olim
1479 2389 1680 2441 Conra-

101 2496 190 2546 dus
209 2491 600 2560 Wittelspachius
621 2493 930 2562 Purpuram,
950 2494 1253 2562 titulumque
1273 2494 1440 2562 Legati
1464 2509 1548 2561 per
1574 2495 1679 2545 uni-

95 2603 288 2656 -versam
320 2604 650 2655 Germaniam
678 2603 842 2653 intulit
864 2602 890 2666 )
912 2616 1092 2668 pacem
1117 2601 1305 2653 civibus
1327 2639 1340 2663 ‚
1365 2601 1414 2653 ὃ(
1435 2600 1675 2669 oppressis

799 2700 847 2754 T
865 2715 950 2753 ttt
969 2714 989 2754 t
1018 2720 1040 2754 2
1539 2705 1609 2754 so·
