1992 3319
1556 271 1622 338 69

111 373 704 447 priusquam'exercitum
726 380 779 427 in
811 374 1038 428 hostium
1064 392 1209 447 agros
1233 377 1479 439 eduxerit,
1512 382 1701 434 merit&

114 494 371 544 vi&oriam
401 492 585 559 sperare
613 497 829 559 poterit,
851 491 1065 561 raroque
1087 491 1293 545 fortuna
1314 494 1440 545 illius
1467 501 1620 552 curis,
1644 497 1697 550 ὃς

109 621 305 674 magno
322 609 500 656 animo
530 609 618 655 erit
639 605 838 673 perfida.
911 607 998 658 Uti
1017 607 1230 658 viciffim
1260 624 1529 677 nunquam
1551 609 1696 662 felici—

111 733 185 772 ter
202 719 394 771 bellum
427 724 607 787 geritur
631 723 683 769 in
707 717 933 770 hostium
957 724 1302 786 exuperantia,
1321 720 1374 772 ὃ(
1407 723 1697 777 ηυῐῇοτωη

109 831 328 896 penuria.
398 825 598 877 Marcet
628 827 725 876 fine
748 824 991 892 stipendio
1019 831 1171 877 virtus
1205 825 1415 891 bellica3
1451 829 1697 898 disciplina

107 938 332 991 militaris
358 937 592 1006 languet,
624 939 656 988 si
685 954 793 988 non
825 942 1104 998 emoritur3
1141 936 1283 988 licere
1304 950 1451 1005 putat
1485 944 1697 997 omnia,

109 1057 195 1121 qui
219 1057 462 1104 omnium
484 1062 591 1120 eget
620 1068 634 1112 ;
681 1051 801 1102 nihil
832 1053 897 1102 est
918 1050 1148 1103 inausum
1172 1052 1319 1103 militi
1343 1052 1552 1121 penuria
1577 1056 1696 1121 pres-

107 1166 158 1217 so
180 1184 193 1227 ;
232 1166 529 1234 plerumque
556 1170 710 1216 etiam
730 1158 969 1232 impune,
1001 1163 1052 1216 ὃ(
1077 1166 1300 1216 inultum
1320 1204 1335 1224 ,
1370 1167 1513 1219 Duce
1525 1167 1586 1219 ad
1607 1185 1697 1237 pu-

109 1273 354 1326 niendum
385 1274 603 1326 invalido
625 1311 641 1332 ‚
672 1276 704 1325 fi
737 1273 799 1325 ad
825 1274 1135 1327 solvendum.
1209 1275 1460 1345 Equidem
1491 1278 1696 1332 habitus

110 1392 312 1437 animos
345 1403 454 1437 non
485 1386 620 1438 addit
654 1385 1027 1456 pugnantibt153
1069 1386 1270 1455 indigna
1312 1398 1489 1439 tamen
1514 1391 1694 1457 egestas

111 1494 416 1547 alacritatem
442 1501 604 1560 exuit,
642 1497 803 1549 induit
835 1498 1040 1554 odium,
1079 1496 1127 1548 ὃ(
1156 1509 1533 1566 contemptum.
1606 1498 1700 1554 Ean

109 1607 226 1659 dem
259 1607 318 1658 de
342 1605 719 1664 commeatibus
754 1612 896 1657 ratio.
983 1604 1309 1673 Disciplinam
1340 1608 1487 1658 nescit
1511 1608 1695 1662 servare

110 1719 300 1784 jejunus
327 1721 591 1774 exercitus,
620 1715 671 1768 ὃ(
696 1753 711 1774 ,
758 1721 843 1785 qui
880 1729 1238 1767 commeatum
1272 1734 1382 1770 non
1415 1734 1695 1788 praeparat,

103 1830 321 1878 *vincitur
348 1826 445 1875 fine
473 1822 618 1876 ferro,
689 1821 786 1874 Etfi
809 1827 945 1873 enim
970 1838 1063 1889 pro
1094 1827 1264 1889 patriae
1290 1822 1438 1874 salute
1465 1824 1609 1876 miles
1650 1826 1694 1876 se

113 1933 367 1983 devoverit
395 1968 409 1989 ‚
443 1948 553 1982 non
578 1943 754 1982 tamen
781 1927 948 1986 fame,
972 1926 1172 1998 sitique,
1205 1928 1257 1982 ὅ(
1279 1944 1529 2000 tanquam
1562 1937 1693 1985 timi-

112 2044 172 2096 de
196 2045 238 2095 se
269 2049 401 2095 mori
426 2044 634 2100 sustinet.
714 2041 993 2095 Prudentiae
1027 2043 1250 2095 militaris
1285 2043 1412 2113 leges
1442 2051 1692 2114 imperant

103 2156 473 2225 amplissimam
497 2172 690 2223 penum
715 2173 800 2224 per
819 2160 1060 2206 viciniam
1085 2155 1291 2207 illorum
1317 2155 1581 2218 locorum,
1606 2162 1691 2226 qui

110 2282 347 2338 petuntur
375 2308 391 2327 ‚
427 2282 699 2338 antequam
738 2271 1024 2322 institutum
1047 2271 1314 2338 procedat3
1353 2271 1506 2334 adeo,
1526 2283 1584 2323 ut
1610 2288 1690 2324 ne·

111 2400 206 2434 mo
231 2385 282 2431 in
305 2381 536 2434 hostilem
569 2383 889 2435 Provinciam
911 2383 1167 2435 descendat
1184 2421 1197 2441 ‚
1232 2387 1318 2435 nili
1344 2384 1604 2453 sequantur
1619 2387 1689 2447 ju'·

111 2502 287 2543 menta
305 2490 548 2542 clitellaria
573 2530 588 2554 ‚
631 2489 682 2542 &
705 2509 872 2544 currus
894 2495 1179 2548 annonarii,
1201 2494 1335 2558 queis
1359 2489 1502 2540 militi
1519 2488 1578 2539 de
1601 2489 1688 2543 fibi

113 2599 378 2665 necessariis
404 2606 457 2653 in
487 2600 680 2669 aliquot
701 2601 875 2653 saltem
907 2600 1007 2652 dies
1040 2600 1296 2668 provisum
1317 2602 1388 2652 sit.
1457 2598 1590 2651 Dico
1627 2598 1687 2652 de

975 2715 1007 2767 S
1537 2729 1617 2764 ne-
