1992 3319
1547 290 1607 340 25

94 376 171 426 fiae
200 374 228 425 a
258 375 410 439 Regia
437 370 684 438 potestate
715 372 1016 452 conseruatae
1039 413 1055 439 ,
1092 376 1333 442 prote&ae
1351 415 1368 433 ,
1409 395 1467 429 ac
1500 399 1683 452 propa-2

95 500 221 556 gatae
239 485 564 537 incolumitas
583 523 601 546 ,
631 502 697 536 an
714 486 812 554 ipsa
846 486 1046 554 Regum
1084 487 1207 539 salus
1234 487 1296 539 ab
1325 490 1423 557 ipsa
1454 489 1684 548 Ecclesia.

93 598 176 650 De
206 597 354 649 salute
386 601 544 649 animi
579 593 662 648 hic
695 614 808 649 non
840 602 1001 666 agitur
1035 635 1051 657 ,
1095 616 1208 668 quae
1244 612 1377 652 extra
1411 601 1685 656 Ecclesiam

94 708 230 760 nulla
250 709 347 770 est3
381 707 459 759 sed
489 707 550 759 de
583 725 639 759 ea
660 747 674 772 ‚
706 725 971 777 perquam
1006 709 1166 778 Reges
1201 715 1366 782 quiete
1397 720 1683 785 imperant,

94 824 149 871 iis
174 820 439 890 tranquilla
472 822 538 872 est
560 821 588 873 a
611 821 812 875 subditis
834 823 1120 876 obedientia
1137 862 1152 883 ‚
1188 825 1309 877 nulli
1329 831 1380 878 in
1401 827 1684 897 Republica

94 924 395 979 seditionum
414 941 591 981 motus
615 930 797 981 turbidi
818 968 834 987 ‚
868 930 1008 981 nulla
1037 929 1252 1000 denique
1275 939 1594 1000 regnantium
1609 934 1683 986 fu-

93 1040 227 1091 nesta
249 1039 563 1108 catastrophe
582 1079 599 1099 ,
637 1059 735 1110 qua
758 1042 877 1109 saepe
900 1059 1124 1110 purpura
1145 1048 1279 1111 regio
1302 1045 1476 1112 potius
1498 1048 1687 1116 sangui⁴

96 1163 160 1198 ne
184 1183 200 1202 ,
239 1146 398 1215 quam
435 1150 627 1196 murice
664 1151 939 1216 intingitur,
1129 1148 1173 1198 A
1205 1150 1455 1218 Pompejo
1484 1155 1683 1225 Magno

101 1257 251 1324 usque
280 1257 343 1308 ad
372 1256 724 1312 Theodosium
757 1261 1021 1308 numeravi
1052 1258 1385 1325 Imperatores
1408 1268 1685 1329 nonaginta

98 1387 289 1422 novem
316 1409 331 1429 ‚
369 1372 551 1422 crudeli
572 1384 775 1429 morte,
815 1372 891 1422 vel
921 1371 1088 1440 gladjo
1109 1411 1123 1431 ‚
1164 1373 1241 1424 vel
1272 1375 1469 1427 veneno
1508 1378 1532 1427 ὲ
1562 1379 1686 1430 solio

99 1484 312 1549 dejestos
355 1490 407 1536 in
448 1486 775 1543 barathrum,
810 1490 878 1536 ita
905 1523 920 1541 ‚
976 1497 1080 1547 ut,
1137 1503 1295 1554 quam
1348 1486 1430 1538 diu
1474 1490 1686 1546 Ecclefia

97 1598 483 1666 Imperatoriam
515 1616 622 1649 non
658 1598 878 1649 firmaret
907 1596 1203 1664 dignitatem
1231 1637 1245 1660 ‚
1286 1598 1684 1667 imperatoribus

95 1718 169 1752 res
199 1702 311 1754 effet
339 1705 584 1755 miraculo
608 1711 845 1773 proxima
869 1746 885 1770 ,
921 1711 1056 1757 mori
1083 1747 1097 1770 ‚
1144 1723 1253 1758 non
1281 1707 1455 1759 occidi.
1566 1712 1686 1764 Post

99 1826 327 1882 acceptas
357 1814 645 1867 Christianae
680 1822 874 1884 pietatis
900 1818 1028 1888 leges
1054 1857 1071 1875 ,
1119 1820 1170 1873 ἃ
1205 1823 1481 1893 postquam
1511 1841 1683 1894 gentes

102 1919 335 1974 Deorum
359 1923 564 1976 suorum
585 1928 702 1976 vitia
727 1925 804 1976 vel
829 1926 1028 1978 laudare
1047 1968 1061 1988 ,
1096 1928 1172 1979 vel
1192 1930 1417 1982 temulari
1431 1932 1688 1996 desierunt,

100 2033 251 2086 iidem
274 2035 591 2086 mansuetam
627 2034 868 2087 humanae
894 2036 1136 2088 societatis
1165 2056 1410 2092 normam
1435 2043 1587 2110 paffi,
1633 2043 1685 2097 &

100 2144 216 2197 Deo
250 2143 398 2196 fidem
419 2186 434 2209 ‚
485 2145 537 2197 ὃ(
562 2145 781 2215 Regibus
811 2145 1153 2200 obedientiam
1185 2152 1546 2217 praestiterunt‚
1583 2159 1686 2212 ita,

101 2272 159 2310 ut
192 2276 283 2310 nec
307 2260 468 2327 Reges
509 2266 743 2312 timerent
771 2257 991 2312 funestos
1026 2261 1324 2316 seditionum
1359 2270 1515 2317 exitus
1538 2304 1553 2330 ,
1591 2284 1685 2317 nec

104 2375 394 2423 timerentur
422 2370 669 2422 asubditis
709 2352 774 2422 *eo
820 2384 964 2424 metu
985 2411 1000 2431 ‚
1049 2390 1204 2442 quem
1247 2373 1413 2434 furor,
1440 2374 1491 2428 ὅ(
1521 2376 1681 2427 rabies

104 2481 352 2550 Tyrannis
374 2479 530 2549 affigit
547 2519 561 2538 ,
599 2495 849 2549 provocat
869 2486 922 2532 in
942 2483 1160 2551 populis.
1235 2484 1337 2536 Sibi
1353 2490 1500 2554 proin
1518 2486 1681 2554 Reges

104 2588 300 2657 optime
331 2588 619 2648 consulunt,
639 2594 723 2658 qui
739 2589 995 2659 Religioni.

755 2705 757 2708 “
797 2696 845 2750 G
1438 2702 1610 2758 Corda
