1992 3319
1589 301 1605 336 Ῑ
1620 302 1643 345 3

141 399 322 434 omnes
348 388 487 435 enim
508 390 758 436 novitates
778 390 829 437 in
850 386 1006 456 vulgo
1024 388 1216 441 asseclas
1237 400 1253 447 ‚‘
1290 390 1435 443 uti&
1459 410 1724 451 novorum

140 513 386 553 motuum
411 503 647 554 authores
669 503 889 562 habent,
924 504 1063 571 quod
1091 504 1390 575 plerumque
1418 509 1727 576 Reipublicae·

137 609 472 679 perniciosum
491 649 506 668 ‚
545 611 630 670 ἃ,
658 611 746 662 ubi
777 610 837 662 de
862 611 1123 679 Religione
1147 616 1338 679 agitur,
1373 616 1576 668 exitiale.
1647 618 1726 670 In-·

139 741 283 774 ven·a
315 724 342 774 a
361 725 412 775 P.
447 725 767 792 Hieronymo
794 722 1025 773 Torrenfi
1043 721 1088 772 S.
1109 721 1147 783 J.
1178 726 1257 772 cui
1291 720 1354 772 ab
1381 720 1590 772 Alberto
1618 720 1722 774 hoe

135 838 402 900 negotium
426 834 757 886 commissum
782 844 884 884 erat
901 871 916 890 ‚
954 836 1006 882 in
1033 831 1263 900 plurimis
1294 850 1497 884 erronea
1519 871 1535 891 ‚
1570 832 1623 884 ὃ(
1644 832 1722 883 de-

136 944 282 994 tortae
306 950 561 1012 pravitatis
582 984 596 1004 ,
634 948 801 997 statim
833 947 867 996 e·
885 946 1043 998 Boica
1066 948 1337 1014 proscripta
1367 947 1433 996 est
1456 985 1471 1005 ‚
1505 963 1722 1015 nempe,

135 1071 198 1105 ne
221 1054 432 1122 glisceret
456 1057 663 1124 quidem
699 1059 790 1109 sub·
816 1060 1059 1109 cineribus
1096 1059 1322 1109 exitiosus
1357 1061 1440 1110 iste
1471 1066 1593 1129 ignis
1616 1100 1631 1120 ‚
1669 1069 1720 1115 in

139 1180 254 1215 ortu
275 1165 541 1219 suffocatus
562 1206 577 1225 ,
614 1167 857 1218 cineribus
879 1173 1031 1219 etiam
1058 1167 1322 1235 diminuis,
1356 1187 1482 1220 verae
1505 1171 1719 1241 Religio-

138 1282 212 1327 nis
239 1277 416 1328 lumini
452 1279 613 1330 obess'e
656 1279 833 1331 dehinc
875 1297 983 1331 non
1022 1285 1224 1347 potuit:
1258 1284 1309 1332 in
1333 1280 1470 1332 nulla
1504 1287 1641 1334 enim
1670 1302 1721 1337 re

137 1392 451 1460 periculosius
477 1395 543 1444 est
564 1395 896 1452 dissimulare,
934 1395 1092 1464 quarn
1121 1400 1247 1445 circa
1269 1395 1613 1463 Religionem,
1633 1396 1720 1447 ubi

136 1505 289 1558 dilato
310 1506 533 1557 remedio
557 1507 691 1562 mala
724 1512 804 1558 vix
832 1520 950 1558 nata
973 1545 986 1563 ,
1027 1506 1133 1568 jam
1164 1511 1311 1557 novis
1344 1508 1580 1575 gravida,
1616 1526 1717 1578 per-

134 1616 344 1667 niciosos
374 1616 646 1668 identidem
681 1617 826 1670 faetus
858 1623 1155 1687 parturiunt.
1266 1624 1322 1674 In
1351 1641 1454 1693 quo
1493 1626 1719 1695 Principe

134 1724 241 1776 haec
286 1725 501 1776 excubat
529 1727 811 1795 vigilantia,
849 1733 899 1779 in
927 1747 987 1780 eo
1023 1730 1183 1781 elucet
1214 1731 1295 1782 illa
1328 1734 1558 1801 sapientia
1586 1776 1600 1795 ‚
1637 1739 1743 1791 illa²

138 1838 360 1900 potentia
383 1872 397 1891 ,
420 1834 563 1889 vzelus
597 1835 676 1885 ille
695 1874 710 1892 ,
748 1854 851 1905 quo
884 1850 1064 1889 contra
1091 1856 1277 1889 omnes
1308 1840 1507 1902 injurias
1533 1845 1728 1895 conseri

137 1956 305 2001 vatur,
329 1941 381 1997 ,ἃ
412 1947 686 2011 protegitur
709 1943 935 2012 splendor
961 1944 1234 2012 Religionis
1257 1986 1272 2010 ‚
1308 1946 1420 1997 fidei
1440 1947 1642 2009 lumen,
1664 1951 1717 2004 ὃ(

134 2055 218 2105 lux
245 2092 260 2112 ‚
308 2054 702 2121 quae‘illuminat
737 2068 908 2107 totam
953 2056 1347 2123 Rempublicam
1380 2097 1395 2117 ,
1443 2068 1717 2114 communi

134 2168 440 2235 Reipublicae
470 2168 629 2218 bono.
704 2167 851 2218 Avita
894 2167 1003 2218 haee
1029 2169 1283 2233 Bojorum
1311 2172 1525 2227 Ducum
1558 2181 1715 2246 pietas

136 2287 231 2332 toti
265 2288 432 2349 patriae
462 2295 543 2333 tot
581 2284 760 2334 saeculis
799 2284 924 2335 adeo
954 2287 1170 2340 salutaris
1203 2290 1323 2358 saepe
1346 2291 1715 2359 'angustioribus

133 2392 241 2444 zelo
275 2394 359 2444 suo
390 2395 649 2447 limitibus
683 2399 1063 2452 Provinciarum
1097 2405 1138 2454 se
1178 2408 1415 2457 coarfitari
1451 2406 1713 2475 indignum

130 2507 343 2567 putavit.
417 2504 517 2555 Fax
542 2506 687 2558 semel
709 2512 905 2561 accensa
936 2508 1162 2579 primum
1195 2516 1452 2582 proximas
1479 2516 1562 2567 fibi
1582 2528 1714 2569 tene-

136 2607 246 2660 bras
268 2648 283 2668 ,
321 2611 431 2667 dein
451 2616 555 2682 quo
607 2619 909 2678 violentior,
939 2624 1238 2677 remotiores
1287 2634 1442 2680 etiam
1500 2628 1710 2699 diffipat.

870 2725 919 2777 D
1539 2736 1644 2788 Sta·
