1992 3319
1516 287 1606 338 391

35 400 37 406 ·
100 373 159 424 llis
187 372 237 425 &
270 373 466 442 Regem
492 373 684 426 format
703 411 719 432 ,
757 372 807 431 ὅ(
826 372 1076 437 subdit05‚
1104 378 1155 425 in
1178 376 1392 444 singulos
1409 379 1535 445 pene
1557 381 1683 432 ultra

95 487 341 536 meritum
360 486 592 539 benefica.

286 599 553 666 Hucusque
573 603 814 666 pietatem
835 602 885 649 in
899 597 1034 649 Aulis
1060 597 1284 665 Regum,
1305 614 1363 649 ac
1389 600 1683 670 Principum

84 705 175 756 -vel
199 711 512 777 quaesivimus
529 750 541 771 ‚
568 710 644 768 vel
668 715 930 760 inventam
957 707 1458 761 commendavimus,
1528 713 1682 764 Nunc

95 834 275 869 rumor
300 824 388 881 est,
419 838 534 872 eam
568 830 720 875 etiam
752 827 803 872 in
838 822 999 872 castris
1025 824 1149 870 inter
1174 820 1286 870 belli
1319 821 1571 872 tumultus
1602 822 1683 874 sua

94 927 238 996 figere
258 937 484 983 tentoria.
562 931 710 986 Olim
727 937 781 983 in
807 932 993 989 cilicie,
1023 931 1074 982 ὃ(
1101 932 1239 998 sag0‚
1263 937 1314 982 in
1334 933 1556 999 squalore
1576 972 1590 994 ‚
1629 931 1682 984 ὃ(

96 1043 299 1109 pulvere
323 1058 621 1096 maerentem
639 1083 654 1103 ,
698 1044 958 1095 dolentem
990 1040 1275 1110 descripsere
1292 1049 1535 1112 pietatem
1551 1046 1681 1097 Ana-

34 1142 36 1145 *
92 1153 340 1213 choretae‚
361 1156 493 1222 quasi
521 1154 765 1206 emundo
797 1155 1019 1217 exulem,
1057 1154 1108 1206 ὅ(
1143 1153 1226 1204 fibi
1262 1155 1372 1206 solis
1403 1160 1678 1223 propriam.

96 1265 219 1316 Non
244 1272 311 1318 ita
329 1268 406 1318 est.
483 1267 644 1317 Pietas
660 1266 721 1317 ad
743 1271 921 1317 omnia
946 1266 1100 1328 utilis,
1124 1265 1176 1316 <St
1195 1263 1306 1315 laeta
1325 1267 1416 1322 est,
1439 1266 1517 1327 ὃς,
1536 1269 1679 1335 quod

95 1384 284 1434 mireris
311 1416 325 1439 ,
363 1381 515 1427 etiam
537 1377 755 1429 loricata.
851 1377 1039 1445 Saepius
1061 1381 1352 1428 reiteratum
1389 1377 1415 1428 a
1445 1378 1682 1430 Maximi-

91 1493 227 1544 liano
255 1488 591 1541 Emmanuele
616 1489 839 1540 Electore
868 1488 1059 1540 dietum
1087 1488 1259 1556 saepius
1278 1492 1329 1539 in
1359 1502 1589 1540 mentem
1613 1508 1681 1542 re⁴²

5 1635 8 1644 ·
34 1608 37 1662 J
95 1606 302 1663 vocavi,
325 1601 366 1650 se
387 1605 438 1651 in
462 1605 608 1651 omni
626 1599 799 1652 bellica
823 1601 1133 1669 expeditione
1157 1610 1419 1667 expertum
1446 1599 1551 1659 effe,
1575 1600 1681 1651 nul·

0 1712 36 1765 κ’
91 1715 171 1766 los
197 1713 484 1766 audaciores
516 1717 568 1764 in
587 1714 787 1766 hostem
827 1715 1085 1784 progredi,
1125 1712 1281 1783 quam
1305 1717 1388 1780 qui
1419 1701 1502 1780 pie*
1521 1718 1682 1767 viv-ere

29 1851 34 1858 ·
94 1838 234 1876 erant
250 1826 386 1877 soliti.
462 1825 576 1875 Hos
593 1827 691 1893 ipsa
716 1831 908 1877 animat
921 1831 1101 1887 virtus,
1123 1824 1309 1875 nullius
1333 1823 1415 1874 sibi
1427 1824 1547 1874 mali
1559 1840 1681 1875 con-

34 1918 37 1945 ³
91 1937 208 1993 scia,
239 1938 375 2000 cujus
399 1955 509 1990 reos
531 1943 802 1989 continuus
821 1941 957 2006 angit
979 1948 1146 1987 metus
1161 1974 1176 1997 ,
1203 1954 1260 1986 ex
1281 1948 1416 1986 certo
1439 1939 1681 1987 vitiorum

96 2049 351 2117 supplicio,
423 2048 798 2102 Maximilianus
822 2050 853 2098 L
876 2047 1011 2098 idem
1038 2049 1266 2109 testatu5‚
1293 2046 1431 2097 idem
1454 2048 1679 2098 maxime

0 2173 10 2219 ς’
91 2159 147 2212 ὃ(
169 2161 262 2228 ipse
288 2163 475 2221 coluit,
512 2162 563 2214 ὃ(
594 2160 814 2212 laudavit
836 2166 884 2210 in
905 2160 989 2209 suo
1011 2158 1177 2209 Tillio,
1250 2159 1351 2209 Hic
1371 2160 1437 2209 est
1464 2159 1544 2210 ille
1573 2162 1644 2207 vir
1664 2195 1679 2215 ‚

95 2291 217 2326 cum
233 2291 339 2343 quo
359 2279 513 2342 pietas
535 2276 757 2325 incastris
777 2272 984 2323 educata
1008 2271 1292 2327 consenuit,
1322 2271 1487 2321 Heros
1511 2288 1678 2338 perpe-

92 2387 186 2437 tuo
209 2385 413 2442 caelebs,
435 2385 540 2449 justi
566 2398 734 2447 tenax,
768 2383 997 2452 profusus
1030 2387 1215 2450 proprii
1237 2381 1415 2449 peculii
1444 2388 1499 2432 in
1514 2385 1677 2433 causas

93 2502 231 2565 pias,
275 2497 325 2548 ὃ(
346 2496 592 2557 honestas,
629 2497 1063 2548 abstinentissimus
1087 2495 1253 2553 alieni,
1286 2500 1490 2563 pauperi
1510 2499 1678 2561 propi·

36 2617 37 2620 ’
95 2624 175 2666 or,
202 2609 359 2677 quam
375 2609 637 2677 opulento,
655 2611 776 2659 inter
802 2619 967 2658 tantas
983 2605 1242 2657 ditescendi
1254 2605 1514 2657 facultates
1535 2602 1595 2654 ad
1611 2603 1678 2655 ul-

804 2719 845 2769 F
857 2715 919 2767 ff
924 2714 951 2765 f
955 2715 983 2765 f
1004 2735 1028 2765 2,
1411 2719 1606 2766 timum
