1992 3319
1558 243 1584 295 5
1588 235 1617 294 ‘5-

95 341 314 410 Regium
334 375 348 397 ‚
383 335 506 388 aulae
534 336 880 400 majestatem,
918 334 1252 403 voluptatum
1276 333 1329 389 ὃ(
1366 337 1685 398 occasiones,

100 451 451 504 &libertatem
482 444 591 502 satis
625 445 794 516 ample
827 445 1143 503 decantavit,
1179 448 1248 497 ita
1277 449 1330 497 in
1351 446 1447 498 fine
1484 446 1684 502 statuit:

100 563 293 629 Regem
318 558 406 609 esse
431 598 446 624 ,
485 563 569 628 qui
596 559 760 627 posuit
791 572 1028 619 metum,
1072 563 1158 629 qui
1186 557 1314 611 infra
1350 559 1391 610 se
1414 559 1547 611 videt
1571 575 1685 612 om·

99 675 182 726 nia
203 711 216 732 ,
252 669 566 740 occurritque
590 670 700 725 fato
722 672 809 724 suo
833 670 991 723 libens
1013 707 1029 730 ‚
1063 686 1157 723 nec
1180 674 1397 739 queritur
1420 673 1571 726 mori.
1608 668 1685 720 Vi-

102 785 259 838 cissim
286 801 406 835 eum
431 774 686 852 psebejum
703 787 837 838 mori
869 784 1035 836 senem
1058 819 1074 842 ‚
1107 781 1245 846 cujus
1280 781 1376 833 leni
1401 779 1609 832 fruentis
1632 796 1686 831 o-

99 901 171 950 tio
191 894 413 947 traducia
434 896 529 947 fine
548 895 748 962 strepitu
765 906 882 946 aetas
907 929 923 952 ,
960 891 1013 945 ὃ(
1033 909 1119 962 per
1141 898 1358 945 tacitum
1377 892 1538 945 fluens
1560 909 1686 945 nun·

102 1025 259 1076 quam
304 1002 582 1076 Qiritibus
611 1014 737 1055 nota
772 1002 931 1061 fuerit.
1036 1004 1283 1074 Agesilaus
1323 1005 1518 1070 ajebat,
1561 1004 1683 1056 nihil

103 1115 328 1188 praeclare
360 1130 498 1182 agere
538 1129 694 1170 eum,
726 1115 867 1177 cujus
914 1121 1151 1168 animum
1197 1134 1342 1172 mors
1399 1127 1682 1190 occupavit.

104 1227 295 1280 Eadem
318 1227 483 1296 gloriae
504 1230 630 1278 ratio
660 1227 921 1290 juvenibus
946 1265 961 1287 ‚
997 1245 1054 1280 ac
1084 1235 1199 1281 viris
1227 1236 1551 1291 communiS,
1574 1234 1691 1284 imo

110 1338 322 1407 Regibus
340 1338 466 1406 pene
489 1338 676 1389 senium
702 1339 1031 1406 speciantibus
1057 1345 1229 1408 potior
1251 1377 1265 1400 ,
1302 1347 1381 1393 vix
1394 1341 1490 1393 hos
1506 1340 1689 1410 dispen-

106 1449 224 1504 sabit
244 1450 271 1501 a
300 1450 411 1500 belli
442 1449 698 1502 laboribus
723 1487 738 1508 ‚
771 1453 855 1500 nisi
889 1456 1127 1520 gravioris
1160 1458 1317 1504 aetatis
1347 1454 1690 1517 incommoda

105 1576 213 1613 tam
249 1562 467 1629 gloriosae
490 1561 759 1611 ambitioni
793 1578 1050 1613 remoram
1079 1564 1312 1627 injiciant.
1430 1563 1690 1634 Magnum

106 1673 243 1719 enim
274 1669 489 1718 vinstoriae
521 1671 787 1737 augurium
813 1669 879 1718 est
896 1705 911 1726 ‚
961 1669 1048 1719 ubi
1073 1682 1212 1738 urget
1240 1670 1491 1737 praesentia
1514 1668 1688 1722 Turni.

106 1782 224 1835 Dux
243 1820 257 1840 ,
296 1781 539 1850 milesque
560 1787 703 1851 Regis
728 1788 981 1834 animatur
1001 1781 1235 1853 exemplo
1252 1824 1264 1842 ,
1289 1788 1523 1838 incitatur
1536 1803 1691 1840 aemu-

108 1896 294 1949 latione
312 1937 326 1957 ‚
365 1903 574 1969 agitatur
601 1900 677 1968 spe
705 1901 897 1968 praemii
922 1934 937 1955 ‚
976 1895 1027 1947 ὅ(
1057 1894 1119 1948 ab
1153 1896 1310 1949 oculis
1332 1897 1530 1967 Regum
1556 1904 1690 1953 inva—³

106 2008 234 2061 lescit
258 2007 459 2061 audacia
478 2047 492 2068 ‚
530 2026 587 2060 ac
607 2008 883 2078 quemlibet
904 2006 1061 2077 pudet
1080 2005 1323 2059 timidum
1348 2008 1425 2059 vel
1457 2005 1546 2059 esse
1566 2047 1580 2067 ‚
1612 2010 1693 2062 vel

107 2120 256 2172 videri
277 2126 427 2172 etiam
452 2161 468 2184 ,
499 2127 594 2179 ita,
632 2134 688 2172 ut
710 2139 766 2171 ex
790 2121 887 2172 sola
910 2124 1160 2190 praesentia
1181 2121 1324 2189 Regis
1356 2114 1531 2173 multis
1548 2119 1693 2174 milli-

108 2225 203 2280 bus
244 2235 476 2282 exercitus
525 2233 840 2283 numerosior
875 2230 1116 2284 habeatur
1140 2268 1155 2290 ,
1190 2231 1242 2283 ὅ(
1265 2229 1474 2282 validior
1499 2269 1513 2286 ‚
1550 2229 1692 2299 quod

113 2339 172 2392 de
194 2337 541 2392 Maximiliano
571 2336 904 2390 Emmanuele
927 2338 1152 2391 Eleciore
1164 2340 1334 2390 nostro
1355 2338 1522 2407 saepius
1536 2341 1690 2388 ctiam

113 2453 174 2506 ab
196 2451 335 2502 hoste
360 2449 548 2500 dicium
575 2455 739 2519 accepi
764 2489 778 2515 ‚
815 2451 939 2501 illius
973 2450 1238 2518 personam
1264 2448 1438 2499 decem
1468 2439 1689 2496 millibus

113 2564 352 2615 aestimari.
429 2562 635 2620 Totum
666 2575 849 2627 corpus
876 2563 1129 2609 animatur
1149 2560 1176 2611 a
1197 2561 1362 2627 spiritu
1387 2565 1519 2609 intus
1547 2573 1689 2626 agen·

943 2668 993 2719 O
1038 2687 1059 2718 2
1544 2677 1619 2725 te,
