1992 3319
420 260 525 304 224.

342 360 507 413 venit,
533 354 721 424 magno
748 355 859 407 dein
881 356 1198 424 posterorum
1231 352 1437 403 suorum
1470 344 1753 417 praejudicio
1771 385 1786 408 ,
1821 347 1923 404 ita}

343 479 423 525 ut,
447 467 572 517 dum
600 465 977 534 Rudolphifiliis
1007 469 1236 533 optimus
1255 476 1395 532 pater
1422 461 1710 513 Ludovicus
1740 457 1922 516 fuerit,

342 580 434 628 {uis
457 578 582 643 pene
602 581 800 629 vitricus
816 577 953 633 esset,
980 573 1256 625 transeunte
1273 576 1326 622 in
1339 570 1567 621 debitum
1579 572 1796 637 gratuito
1813 582 1926 616 mu-¹

342 703 470 737 nere.
551 686 914 738 Gloriossorem
938 684 1210 736 vindictam
1228 682 1473 734 omnibus
1486 679 1924 732 aemulandamRe-

342 799 513 869 gibus,
539 798 934 867 &Principibus‚
953 803 1063 867 quis
1086 808 1317 866 unquam
1343 797 1496 848 vidit?
1526 797 1658 847 Rara
1687 793 1795 845 haec
1819 798 1924 844 avis

343 919 396 966 in
416 918 575 965 terris,
599 917 648 961 in
670 910 916 976 Imperiali
937 909 1308 977 AquilaeBojcae
1326 906 1446 959 nido
1461 906 1706 962 adolevit,
1731 903 1783 955 ἃ
1807 919 1925 954 con-

342 1021 519 1077 senuit,
548 1017 695 1085 usque
729 1015 881 1075 adeo,
906 1028 962 1066 ut
990 1031 1084 1066 nec
1114 1014 1240 1065 illius
1265 1012 1543 1064 candorem
1562 1014 1838 1079 nigerrimae
1864 1007 1926 1059 ad

343 1137 628 1188 Summum
664 1126 962 1179 Pontificem
989 1123 1236 1174 Ludovici
1288 1122 1558 1172 delationes
1587 1132 1814 1178 mutare,
1836 1135 1929 1171 nec

344 1247 459 1316 ipsa,
489 1261 598 1294 non
620 1244 644 1293 ὲ
660 1243 904 1292 Vaticano
918 1277 936 1298 ‚
964 1238 1042 1288 sed
1066 1254 1123 1288 ex
1142 1236 1432 1288 turbulento
1454 1238 1847 1287 Avenionisa'e're
1862 1240 1926 1286 vi·

342 1359 486 1410 brata
516 1355 730 1408 fulmina
753 1356 898 1421 ipsius
932 1357 1174 1420 pietatem
1196 1363 1407 1402 evertere
1436 1356 1713 1419 potuerint.
1781 1351 1931 1404 Adeo·
1960 1388 1962 1391 -

345 1482 521 1523 tamen
544 1465 812 1535 periculosa
832 1464 898 1514 est
929 1466 1247 1531 potentium,
1265 1460 1382 1512 licet
1402 1461 1544 1526 talsa,
1565 1462 1823 1513 accusatio.

532 1577 723 1630 Nonus
746 1575 850 1638 jam
869 1589 1029 1624 annus
1050 1571 1374 1624 Ludovicum
1395 1572 1460 1624 ab
1485 1575 1682 1640 Imperii
1705 1573 1928 1641 Septem-

349 1693 461 1741 viris
483 1685 695 1737 electum
725 1681 845 1732 vidit
865 1684 1267 1751 Imperatorem3
1304 1684 1524 1736 necdum
1569 1683 1800 1737 Pontifex
1839 1684 1930 1734 ele-

351 1801 491 1850 &um
522 1795 778 1864 agnoscere
796 1792 957 1844 voluit
983 1834 997 1858 ‚
1035 1798 1119 1861 qui
1145 1796 1240 1845 fine
1260 1795 1345 1845 suo
1367 1799 1417 1845 in
1439 1794 1732 1846 electionem
1750 1795 1931 1846 assensu
1958 1820 1960 1842 ;

351 1927 466 1961 eam
487 1925 646 1979 neque
667 1919 859 1960 ratam,
890 1922 1053 1973 neque
1074 1905 1344 1973 probatam
1368 1908 1564 1972 putavit
1585 1941 1601 1961 ,
1637 1902 1756 1955 dato
1775 1910 1931 1955 etiam

350 2021 575 2072 trimestri
595 2017 749 2087 spatio
771 2019 1009 2071 diluendis
1032 2021 1136 2071 aliis
1156 2019 1287 2070 vexis
1303 2056 1317 2076 ‚
1338 2018 1415 2068 vel
1434 2019 1682 2086 ponendae
1702 2019 1930 2072 Caesareae

352 2131 576 2199 dignitati
596 2167 611 2185 ‚
670 2146 779 2180 non
812 2129 1141 2191 resumendae,
1168 2131 1254 2180 nifi
1306 2146 1363 2178 ex
1409 2128 1607 2179 arbitrio
1657 2106 1931 2184 Pontificisss
1958 2179 1959 2183 ,

351 2217 548 2294 Habuit
575 2239 714 2308 aeque
731 2277 743 2294 ‚
769 2255 826 2290 ac
856 2237 1096 2308 professus
1119 2241 1184 2289 est
1208 2237 1495 2291 Ludovicus
1521 2239 1741 2290 Summo
1760 2240 1932 2291 Ponti-

353 2354 430 2406 fici
460 2350 797 2402 obedientiam
824 2390 839 2414 ‚
879 2354 1230 2406 reverentiam,
1254 2347 1306 2399 &
1326 2346 1684 2407 devotionem,
1705 2365 1815 2399 non
1839 2353 1931 2398 mi·

352 2452 447 2516 nus
465 2475 638 2513 tamen
659 2434 790 2511 cavit
816 2459 924 2518 fibi,
952 2458 1005 2510 ὃ(
1026 2460 1252 2528 posteris,
1285 2476 1349 2509 ne
1386 2458 1536 2509 status
1569 2458 1798 2509 Romani
1831 2458 1932 2508 Im·
1956 2526 1957 2530 Ἰ

354 2578 468 2647 perij
488 2615 501 2634 ‚
538 2581 672 2640 jura,
700 2591 805 2633 res,
828 2572 879 2627 &
902 2572 1122 2625 honores
1145 2577 1487 2624 minuerentur
1503 2609 1521 2629 ‚
1555 2568 1696 2639 quod
1715 2561 1831 2621 tum
1847 2567 1931 2638 pet

1737 2684 1863 2734 Ora·
