1992 3319
373 297 436 338 '28

299 394 543 469 profuso5
588 393 744 449 barba
772 389 1032 450 submissa,
1054 387 1249 459 Legatis
1285 382 1378 440 alia
1400 386 1626 455 responsa
1656 401 1766 436 non
1800 383 1883 435 da-

299 512 418 569 bat,
457 512 543 561 nifi
566 526 676 577 quae
700 507 874 559 doctus
894 545 912 566 η,
948 524 1062 575 quae
1080 504 1247 569 jussus,
1315 502 1582 571 Indignum
1613 513 1720 552 rata
1742 515 1882 568 gene-

295 623 405 673 rosa
447 623 764 674 Francorum
805 619 1198 672 occidentalium
1242 633 1364 685 gens
1384 654 1399 672 ‚
1430 626 1544 665 tam
1566 613 1659 665 vile
1687 614 1715 676 (
1738 608 1879 679 quod

295 730 426 781 olim
446 742 548 781 erat
568 730 1015 799 gloriosissimum)
1043 745 1128 796 per
1155 739 1239 777 tot
1272 725 1593 778 antecessores
1618 727 1878 774 continua-

292 848 410 888 tum
433 836 724 912 dominium
754 837 936 888 diutius
960 841 1066 905 pati
1090 874 1106 893 ,
1143 835 1251 897 jam
1281 833 1414 901 prius
1435 847 1558 899 >opes
1579 867 1593 887 ,
1629 827 1682 879 ὃ(
1702 837 1877 894 poten-

290 957 418 1004 tiam
440 955 597 1023 Regni
632 937 892 1021 ad'palatii
923 950 1190 1002 Praefeeffls
1216 986 1231 1004 ,
1279 950 1374 999 five
1406 947 1628 1008 Majores
1663 937 1874 994 Domus

289 1064 610 1115 transtulerat.
685 1061 921 1113 Tandem
948 1065 1102 1111 etiam
1137 1058 1188 1111 ὃ(
1225 1077 1423 1110 nomen
1448 1059 1664 1125 Regium
1699 1067 1878 1124 poten-

289 1179 370 1224 tiae
392 1172 635 1223 additum.
709 1170 999 1236 Utrumque
1040 1167 1256 1219 Carolus
1292 1169 1320 1220 a
1347 1170 1525 1236 Pipino
1551 1168 1654 1230 jure
1676 1165 1873 1217 haeredi-

284 1287 412 1334 tario
437 1291 694 1348 acceperat
716 1297 730 1341 ;
765 1280 887 1330 cum
904 1279 971 1329 illi
991 1285 1154 1348 prima
1176 1297 1293 1331 cura
1311 1292 1412 1331 erat
1431 1318 1445 1338 ‚
1493 1281 1733 1349 Regnum
1757 1279 1871 1331 divi-

286 1389 363 1445 nis
389 1391 626 1444 inchoare
646 1385 883 1459 auspiciis,
1075 1390 1124 1441 Si
1152 1395 1255 1442 vita
1283 1390 1508 1442 hominis
1535 1392 1712 1443 militia
1731 1393 1868 1459 super

281 1517 504 1557 terram,
556 1500 796 1568 Regnum
827 1495 1001 1548 ‘Caroli
1031 1495 1226 1547 bellum
1266 1501 1572 1548 continuum
1603 1498 1684 1553 est.
1758 1497 1865 1550 Ho-

278 1616 370 1675 stes
399 1628 456 1662 ex
486 1627 587 1661 una
606 1620 750 1677 parte
779 1607 1008 1658 domitos
1033 1644 1048 1663 ‚
1087 1611 1209 1657 novi
1247 1622 1304 1656 ex
1328 1605 1477 1656 altera
1505 1605 1863 1668 vindicabant3

276 1698 639 1777 succrescebant
668 1720 838 1790 hydrae
867 1719 1207 1770 rebellionum
1219 1755 1239 1774 .‚
1272 1715 1547 1768 identidem
1570 1734 1708 1768 nova
1734 1723 1863 1786 capi-

273 1846 392 1884 tum
409 1831 635 1883 monstra
651 1867 672 1892 2,
706 1828 892 1897 quibus
919 1825 1246 1878 exscindendis
1267 1841 1358 1876 nec
1377 1829 1499 1893 ignis
1516 1863 1530 1883 ‚
1547 1843 1640 1876 nec
1652 1824 1861 1887 ferrum,

274 1945 431 1991 etiam
452 1933 733 2002 conjunctis
755 1939 974 2000 viribus,
1012 1938 1331 1992 sufficiebant.
1406 1942 1559 1992 Primi
1575 1942 1702 2001 belli,
1718 1943 1858 2012 quod

273 2051 463 2103 Carolo
486 2052 613 2120 pene
660 2069 927 2105 armorum
960 2059 1269 2125 tyrocinium
1290 2055 1385 2106 fuit
1412 2094 1429 2113 v,
1462 2055 1570 2107 finis
1591 2069 1696 2107 erat
1717 2057 1855 2110 Italia

269 2166 467 2219 subasta
489 2203 506 2220 ,
546 2166 651 2217 Rex
678 2165 957 2218 Defiderius
983 2166 1229 2236 perpetuo
1259 2167 1399 2220 exilio
1429 2168 1747 2236 deportatus,
1781 2172 1854 2222 Fi-

268 2266 361 2318 lius
384 2269 484 2331 ejus
507 2267 757 2335 Adalgisus
776 2267 913 2321 Italia
934 2272 1099 2339 pulsus
1122 2312 1136 2331 ‚
1172 2291 1246 2325 res
1268 2273 1733 2343 Longobardorum
1759 2277 1850 2328 Re-

267 2379 412 2448 gibus
440 2390 653 2446 ereptae‚
686 2378 950 2431 Hadriano
981 2381 1234 2433 Romanae
1265 2383 1488 2436 Ecclefiae
1517 2387 1748 2439 Pontifici
1781 2406 1849 2440 re-

264 2495 456 2545 stitutae.
529 2492 738 2543 Bonum
772 2497 1068 2561 augurium,
1106 2497 1326 2549 Carole!
1362 2499 1468 2562 jam
1495 2498 1610 2551 Deo
1633 2502 1848 2562 militaS‚

261 2599 341 2650 ille
362 2600 466 2659 tibi.
537 2599 658 2652 Hoc
683 2603 1002 2671 antesignano
1035 2606 1242 2659 victoria
1278 2625 1544 2679 nunquam
1568 2618 1656 2665 erit
1676 2612 1845 2680 dubia,

1707 2737 1769 2771 eo
