1992 3319
317 291 384 341 66

255 427 349 463 nus
362 407 433 458 est
446 408 625 456 exitus„
785 397 952 451 David
966 398 1071 448 Rex
1084 393 1492 464 prudentissimus
1518 388 1711 440 bellum
1724 402 1839 437 mo-

260 523 332 570 vit
351 516 548 568 nullum
571 553 589 574 ‚
618 515 711 566 nifi
732 510 857 564 ‘Deo
890 511 1022 580 prius
1052 515 1103 560 in
1131 504 1395 557 confilium
1413 500 1624 554 vocato.
1697 497 1845 562 Judas

263 627 593 682 Machabaeus
640 624 868 694 praelium
900 625 1007 671 iniit
1046 617 1248 669 nullum
1270 654 1285 680 ,
1330 616 1415 666 nisi
1437 612 1552 666 Deo
1590 609 1849 680 praemissis

269 737 499 810 precibus
529 732 744 805 placato.
852 732 964 783 Nee
987 730 1097 799 ipsis
1134 728 1350 784 Graecis‚
1381 720 1730 790 Romanisque
1759 716 1857 768 bel-

273 849 385 901 lum
408 849 622 901 indicere
647 847 785 898 licuit
806 882 824 903 γ,
857 846 941 895 nisi
961 844 1188 894 victimas
1215 839 1347 907 prius
1367 838 1475 890 Diis
1498 831 1860 897 immoliiss'ent‚

279 963 332 1016 ὃ(
360 962 579 1015 Oracula
605 961 746 1023 ante,
785 959 831 1009 V
835 957 1043 1025 ate'sque
1062 952 1424 1006 consuluissent.
1502 946 1661 1018 Qod
1695 949 1757 1000 ad
1782 968 1865 1002 ne.

280 1085 419 1148 gotia
456 1080 643 1143 justitiae
673 1115 688 1135 ,
739 1074 1110 1126 oblectamenta
1151 1073 1425 1138 Principi5‚
1456 1073 1666 1137 praemia
1703 1067 1868 1121 bono·

283 1205 427 1246 rum,
448 1187 709 1238 malorum
736 1199 911 1252 poenas
934 1180 1389 1269 ‚ddistributionem
1432 1178 1724 1232 officiorum
1764 1186 1869 1231 atti-

287 1309 374 1348 net
398 1335 413 1355 ,
448 1313 504 1346 ea
526 1311 648 1348 cum
677 1292 909 1344 familiari
943 1292 1111 1360 aliquo
1147 1295 1529 1343 communicare
1557 1292 1713 1343 solent
1742 1294 1875 1345 Prin-

294 1404 427 1468 cipes
448 1417 460 1458 3
500 1415 546 1448 at
576 1396 633 1447 de
650 1396 762 1446 belli
787 1400 999 1463 negotiis
1022 1409 1144 1444 cum
1176 1391 1292 1444 Deo
1316 1394 1450 1461 prius
1476 1395 1748 1447 consultare
1769 1435 1783 1456 ,
1823 1398 1875 1450 &

301 1512 420 1559 certi
441 1505 622 1574 aliquid
641 1506 852 1558 statuere
882 1503 1069 1554 debent
1095 1521 1105 1553 :
1141 1518 1408 1570 nunquam
1436 1506 1574 1552 >enim
1590 1503 1796 1570 plenam
1822 1503 1882 1554 de

302 1619 531 1672 hostibus
563 1619 825 1670 victoriam
857 1615 1065 1686 sperabit
1085 1615 1317 1683 Princeps
1342 1651 1358 1672 ,
1398 1617 1482 1665 nisi
1510 1620 1886 1684 querimoniam

306 1732 441 1804 prius
468 1732 607 1781 suam
625 1735 675 1780 in
702 1747 887 1782 manus
909 1728 1001 1780 Dei
1044 1727 1331 1797 deposuerit.
1406 1728 1573 1781 Nimis
1591 1730 1698 1782 sane
1720 1731 1890 1784 diffici-

311 1850 356 1902 le
381 1889 394 1908 ,
429 1848 479 1900 ἃ
513 1846 846 1916 periculosum
874 1844 940 1894 est
981 1846 1245 1910 negotium
1273 1840 1420 1899 belli,
1456 1844 1488 1892 si
1526 1859 1700 1894 verum
1725 1841 1842 1893 illud
1874 1880 1890 1901 ‚

316 1962 456 2033 quod
497 1964 769 2013 communi
816 1958 1027 2009 asseritur
1053 1961 1326 2024 opinione,
1361 1956 1557 2007 nullum
1594 1962 1644 2008 in
1696 1961 1894 2013 mundo

319 2073 514 2125 bellum
550 2085 662 2123 tam
692 2072 878 2134 justum
916 2071 1004 2119 effe
1024 2107 1039 2130 ,
1080 2072 1200 2135 quin
1227 2067 1446 2136 aliquem
1467 2067 1580 2118 inde
1611 2069 1898 2137 scrupulum

322 2188 573 2254 Principes
598 2196 855 2252 reportent
872 2220 886 2240 ‚
922 2183 1079 2233 solam
1099 2182 1365 2251 Religionis
1392 2183 1589 2233 causam
1609 2185 1640 2234 si
1670 2191 1904 2254 excipiam,

327 2316 485 2369 quam
515 2301 658 2347 omni
677 2309 908 2362 tempore
926 2332 940 2352 ‚
971 2299 1116 2344 omni
1138 2294 1257 2344 loco
1280 2293 1526 2362 Principes
1543 2293 1594 2346 ἃ
1610 2296 1719 2355 fiio,
1739 2298 1906 2351 &suo-

331 2431 450 2465 rum
476 2410 697 2480 periculo
723 2414 845 2461 tueri
871 2408 1064 2459 debent.
1140 2408 1294 2458 Variae
1312 2408 1416 2470 justi
1437 2408 1546 2458 belli
1568 2411 1718 2460 causae
1736 2429 1913 2464 nume-

337 2536 506 2576 rantur
525 2560 540 2581 ,
573 2528 696 2573 inter
716 2538 837 2590 quas
864 2526 1093 2588 primum
1118 2518 1292 2567 locum
1318 2515 1401 2566 sibi
1426 2515 1653 2565 ‘vendicat
1675 2516 1793 2565 {alm
1822 2518 1913 2567 Re-

337 2635 548 2704 ligionis.
619 2632 734 2685 Deo
757 2631 938 2683 militat
962 2669 975 2688 ‚
1013 2634 1095 2698 qui
1114 2646 1207 2697 pro
1238 2629 1493 2696 Religioize
1513 2638 1721 2696 pugnat.
1789 2627 1921 2680 Huic

1724 2737 1819 2786 suc<
