1992 3319
1535 284 1593 335 71

86 381 427 448 carpentarios
447 414 464 437 ,
497 375 748 436 ferrarios,
776 378 1098 449 reliqucsssque
1125 376 1332 432 artifices
1362 417 1377 444 ,
1415 380 1478 432 ad
1501 378 1676 450 hybera

86 498 319 550 nandum
360 495 562 548 aedificia
606 493 894 547 fabricanda
917 533 932 554 ,
981 493 1044 546 ad
1081 495 1345 547 machinas
1365 532 1380 551 ,
1420 495 1676 564 turresque

87 608 299 677 ligneas,
320 608 628 676 caetercsssque
650 617 920 675 apparatus
941 642 959 663 ‚
999 606 1179 674 quibus
1222 605 1300 656 vel
1329 618 1675 675 expugnantur

90 724 479 776 adversariorum
506 727 726 774 civitates
759 758 777 779 ,
826 719 904 772 vel
938 717 1272 771 defenduntur
1305 722 1520 787 propriae
1540 755 1554 776 ‚
1591 721 1676 786 qui

91 846 263 889 arma,
293 835 377 900 qui
408 829 660 889 vehicula,
693 829 966 899 caeteraque
992 844 1170 898 genera
1201 832 1585 879 tormentorum
1598 824 1676 877 vel

89 955 227 991 nova
249 939 470 992 facerent
492 981 507 1006 ,
537 941 845 1012 velquassata
861 949 1161 1010 repararent.
1232 936 1507 990 Habebant
1523 941 1677 987 etiam

91 1044 302 1100 fabricas
314 1049 569 1107 scutarias,
592 1049 823 1101 loricatas
842 1086 856 1107 ‚
882 1052 1126 1099 arcuarias
1148 1083 1163 1103 .,
1200 1050 1252 1096 in
1276 1044 1457 1113 quibus
1478 1044 1677 1111 sagittae,

93 1156 316 1221 missilia,
339 1158 570 1216 cassides,
594 1157 873 1225 omniaque
897 1170 1164 1207 armorum
1188 1170 1366 1222 genera
1384 1152 1678 1209 formaban-

94 1280 173 1318 tur
196 1285 209 1329 ;
245 1267 350 1318 haec
370 1271 509 1319 enirn
536 1282 639 1319 erat
658 1285 775 1320 cura
796 1274 1046 1337 praecipua
1069 1307 1085 1333 ‚
1121 1280 1204 1327 ut,
1236 1265 1478 1336 quidquid
1505 1272 1678 1318 exerci-

96 1384 166 1431 tui
191 1378 511 1430 necessarium
537 1378 796 1431 videbatur
814 1418 828 1439 ‚
856 1396 1123 1448 nunquam
1143 1378 1379 1430 deeffetin
1403 1378 1581 1428 castriS.
1632 1378 1680 1431 Si

96 1498 206 1561 quis
221 1492 282 1545 ad
299 1493 401 1545 hoc
420 1494 786 1547 Romanorum
805 1493 916 1544 belli
940 1494 1240 1560 sumptuum
1259 1490 1552 1560 paradigma
1569 1507 1680 1542 mu·

97 1617 206 1655 tato
229 1622 493 1656 armorum
524 1622 699 1674 genere
720 1642 736 1664 ,
773 1610 910 1675 queis
933 1603 1083 1662 hodie
1104 1619 1354 1674 pugnatur
1376 1642 1391 1664 ,
1424 1607 1599 1663 castra,
1629 1604 1682 1659 ὃς

94 1718 485 1765 armamentaria
514 1719 779 1772 munierit,
837 1711 1064 1766 audaster
1089 1718 1142 1765 in
1169 1712 1370 1767 hostem
1402 1715 1645 1783 procedat
1664 1752 1682 1775 ‚

101 1822 332 1874 audacius
364 1822 520 1890 speret
535 1824 812 1874 victoriam.
881 1822 1120 1875 Necdum
1140 1835 1316 1875 tamen
1336 1839 1393 1874 ex
1415 1827 1606 1892 integro
1618 1825 1680 1875 sa·

103 1932 357 1985 tisfactum
389 1932 578 1985 militiae
595 1935 770 2003 regulis
790 1952 875 2002 per
898 1936 1211 1988 necessariam
1231 1938 1375 1988 istam
1395 1953 1564 1988 rerum
1584 1935 1684 1995 bel·

103 2045 313 2097 licarum
337 2049 543 2115 copiam
572 2063 585 2107 3
624 2049 1004 2115 circumspectus
1044 2054 1196 2101 etiam
1236 2052 1293 2101 fit
1323 2062 1529 2118 oportet
1547 2086 1576 2108 ,.
1599 2052 1685 2120 qui

104 2155 342 2226 providus
367 2158 534 2208 audiet
553 2157 665 2209 belli
689 2158 824 2211 Dux,

291 2269 408 2321 Tria
428 2269 674 2337 praecipue
694 2266 788 2320 hac
806 2269 944 2338 super
958 2286 1008 2320 re
1028 2267 1256 2321 Ducibus
1269 2306 1283 2326 ‚
1311 2266 1363 2321 ἃ
1378 2274 1685 2321 exercituum

106 2382 347 2435 Praefeeffis
369 2382 630 2435 consulunt
649 2383 865 2435 Annales
887 2395 1129 2435 veterum.
1202 2381 1269 2434 Ut
1290 2392 1486 2448 paratas
1499 2382 1686 2446 semper

107 2493 326 2546 habeant
339 2493 399 2545 ad
419 2507 645 2562 pugnam
661 2496 832 2559 copias
854 2509 867 2552 3
912 2503 970 2541 ut
992 2501 1291 2559 praevertam
1310 2487 1508 2538 hostem
1522 2524 1536 2544 ‚
1562 2486 1610 2538 ὃ(
1629 2498 1687 2538 ut

109 2601 296 2656 foedera
324 2619 447 2655 cum
474 2609 645 2656 vicinis
679 2602 906 2654 hostium
936 2599 1129 2659 feriant.
1216 2599 1326 2650 Nec
1364 2601 1501 2647 enim
1527 2600 1687 2662 copiae

946 2705 977 2754 S
1013 2724 1035 2755 2
1503 2714 1614 2750 om·
