<?xml version="1.0" encoding="UTF-8"?>
<!DOCTYPE html PUBLIC "-//W3C//DTD XHTML 1.0 Transitional//EN"
    "http://www.w3.org/TR/xhtml1/DTD/xhtml1-transitional.dtd">
<html xmlns="http://www.w3.org/1999/xhtml" xml:lang="en" lang="en">
 <head>
  <title>
</title>
<meta http-equiv="Content-Type" content="text/html;charset=utf-8" />
  <meta name='ocr-system' content='tesseract 3.04.00' />
  <meta name='ocr-capabilities' content='ocr_page ocr_carea ocr_par ocr_line ocrx_word'/>
</head>
<body>
  <div class='ocr_page' id='page_1' title='image "annuspoliticuspe00wilh_0033.png"; bbox 0 0 1992 3319; ppageno 0'>
   <div class='ocr_carea' id='block_1_1' title="bbox 131 312 1699 477">
    <p class='ocr_par' dir='ltr' id='par_1_1' title="bbox 131 312 1699 477">
     <span class='ocr_line' id='line_1_1' title="bbox 1590 312 1629 363; baseline 0 0"><span class='ocrx_word' id='word_1_1' title='bbox 1590 312 1629 363; x_wconf 79' lang='lat'>7</span> 
     </span>
     <span class='ocr_line' id='line_1_2' title="bbox 131 401 1699 477; baseline 0 -17"><span class='ocrx_word' id='word_1_2' title='bbox 131 401 566 476; x_wconf 78' lang='lat' dir='ltr'>normampaucis</span> <span class='ocrx_word' id='word_1_3' title='bbox 590 408 868 477; x_wconf 81' lang='lat' dir='ltr'>praescripsit</span> <span class='ocrx_word' id='word_1_4' title='bbox 893 405 995 458; x_wconf 87' lang='lat' dir='ltr'>filio</span> <span class='ocrx_word' id='word_1_5' title='bbox 1027 403 1112 459; x_wconf 90' lang='lat' dir='ltr'>suo</span> <span class='ocrx_word' id='word_1_6' title='bbox 1132 404 1446 459; x_wconf 83' lang='lat' dir='ltr'>Ferdinando</span> <span class='ocrx_word' id='word_1_7' title='bbox 1465 407 1699 460; x_wconf 79' lang='lat' dir='ltr'>Maximi·</span> 
     </span>
    </p>
   </div>
   <div class='ocr_carea' id='block_1_2' title="bbox 130 518 1703 2561">
    <p class='ocr_par' dir='ltr' id='par_1_2' title="bbox 130 518 1703 2561">
     <span class='ocr_line' id='line_1_3' title="bbox 132 518 1697 589; baseline 0 -18"><span class='ocrx_word' id='word_1_8' title='bbox 132 522 288 572; x_wconf 81' lang='lat' dir='ltr'>lianus</span> <span class='ocrx_word' id='word_1_9' title='bbox 312 535 326 572; x_wconf 67' lang='grc' dir='ltr'><strong><em>ε</em></strong></span> <span class='ocrx_word' id='word_1_10' title='bbox 358 520 490 572; x_wconf 91' lang='lat' dir='ltr'>Bene</span> <span class='ocrx_word' id='word_1_11' title='bbox 508 522 673 573; x_wconf 87' lang='lat' dir='ltr'>senties</span> <span class='ocrx_word' id='word_1_12' title='bbox 688 558 703 579; x_wconf 90' lang='lat'>,</span> <span class='ocrx_word' id='word_1_13' title='bbox 725 523 756 572; x_wconf 81' lang='lat' dir='ltr'>si</span> <span class='ocrx_word' id='word_1_14' title='bbox 775 520 897 571; x_wconf 88' lang='lat' dir='ltr'>nihil</span> <span class='ocrx_word' id='word_1_15' title='bbox 917 521 1109 589; x_wconf 83' lang='lat' dir='ltr'>prorsus</span> <span class='ocrx_word' id='word_1_16' title='bbox 1129 519 1193 572; x_wconf 77' lang='lat' dir='ltr'>ab</span> <span class='ocrx_word' id='word_1_17' title='bbox 1206 518 1512 576; x_wconf 83' lang='lat' dir='ltr'>Orthodoxa</span> <span class='ocrx_word' id='word_1_18' title='bbox 1523 522 1697 572; x_wconf 82' lang='lat' dir='ltr'>sacrae”</span> 
     </span>
     <span class='ocr_line' id='line_1_4' title="bbox 131 624 1697 694; baseline -0.003 -14"><span class='ocrx_word' id='word_1_19' title='bbox 131 629 351 681; x_wconf 82' lang='lat' dir='ltr'>Ecclesiae</span> <span class='ocrx_word' id='word_1_20' title='bbox 370 630 605 689; x_wconf 63' lang='lat' dir='ltr'>doetrina,</span> <span class='ocrx_word' id='word_1_21' title='bbox 619 630 739 682; x_wconf 91' lang='lat' dir='ltr'>nihil</span> <span class='ocrx_word' id='word_1_22' title='bbox 766 631 794 682; x_wconf 72' lang='grc' dir='ltr'>ὲ</span> <span class='ocrx_word' id='word_1_23' title='bbox 814 631 1080 694; x_wconf 83' lang='lat' dir='ltr'>Majorum</span> <span class='ocrx_word' id='word_1_24' title='bbox 1101 628 1197 683; x_wconf 83' lang='lat' dir='ltr'>fide</span> <span class='ocrx_word' id='word_1_25' title='bbox 1224 630 1469 682; x_wconf 83' lang='lat' dir='ltr'>deflexeris</span> <span class='ocrx_word' id='word_1_26' title='bbox 1496 645 1510 683; x_wconf 74' lang='lat' dir='ltr'><strong><em>z</em></strong></span> <span class='ocrx_word' id='word_1_27' title='bbox 1546 624 1578 676; x_wconf 76' lang='lat' dir='ltr'>si</span> <span class='ocrx_word' id='word_1_28' title='bbox 1599 625 1697 676; x_wconf 76' lang='lat' dir='ltr'>de³’</span> 
     </span>
     <span class='ocr_line' id='line_1_5' title="bbox 131 734 1700 810; baseline -0.007 -15"><span class='ocrx_word' id='word_1_29' title='bbox 131 737 244 790; x_wconf 83' lang='lat' dir='ltr'>Deo</span> <span class='ocrx_word' id='word_1_30' title='bbox 274 742 302 803; x_wconf 73' lang='lat' dir='ltr'><em>C</em></span> <span class='ocrx_word' id='word_1_31' title='bbox 320 740 458 809; x_wconf 89' lang='lat' dir='ltr'>quod</span> <span class='ocrx_word' id='word_1_32' title='bbox 483 746 672 810; x_wconf 79' lang='lat' dir='ltr'>pietatis</span> <span class='ocrx_word' id='word_1_33' title='bbox 693 747 861 794; x_wconf 88' lang='lat' dir='ltr'>omnis</span> <span class='ocrx_word' id='word_1_34' title='bbox 880 743 945 793; x_wconf 87' lang='lat' dir='ltr'>est</span> <span class='ocrx_word' id='word_1_35' title='bbox 969 740 1263 805; x_wconf 83' lang='lat' dir='ltr'>exordium)</span> <span class='ocrx_word' id='word_1_36' title='bbox 1293 737 1450 808; x_wconf 55' lang='lat' dir='ltr'>quhm</span> <span class='ocrx_word' id='word_1_37' title='bbox 1461 734 1659 803; x_wconf 75' lang='lat' dir='ltr'>optime</span> <span class='ocrx_word' id='word_1_38' title='bbox 1674 735 1700 758; x_wconf 87' lang='lat'>&#39;’</span> 
     </span>
     <span class='ocr_line' id='line_1_6' title="bbox 130 838 1699 915; baseline -0.003 -20"><span class='ocrx_word' id='word_1_39' title='bbox 130 847 471 898; x_wconf 75' lang='lat' dir='ltr'>existimaveris</span> <span class='ocrx_word' id='word_1_40' title='bbox 495 864 510 902; x_wconf 73' lang='lat' dir='ltr'>x</span> <span class='ocrx_word' id='word_1_41' title='bbox 543 848 575 898; x_wconf 85' lang='lat' dir='ltr'>fi</span> <span class='ocrx_word' id='word_1_42' title='bbox 605 863 728 898; x_wconf 88' lang='lat' dir='ltr'>cum</span> <span class='ocrx_word' id='word_1_43' title='bbox 744 846 902 898; x_wconf 60' lang='lat' dir='ltr'>saneta</span> <span class='ocrx_word' id='word_1_44' title='bbox 926 844 1211 915; x_wconf 82' lang='lat' dir='ltr'>Apostolica</span> <span class='ocrx_word' id='word_1_45' title='bbox 1232 842 1362 900; x_wconf 87' lang='lat' dir='ltr'>sede,</span> <span class='ocrx_word' id='word_1_46' title='bbox 1389 838 1699 910; x_wconf 60' lang='lat' dir='ltr'>Christique*</span> 
     </span>
     <span class='ocr_line' id='line_1_7' title="bbox 132 951 1699 1030; baseline -0.004 -21"><span class='ocrx_word' id='word_1_47' title='bbox 132 963 181 1009; x_wconf 90' lang='lat' dir='ltr'>in</span> <span class='ocrx_word' id='word_1_48' title='bbox 192 964 324 1010; x_wconf 87' lang='lat' dir='ltr'>terris</span> <span class='ocrx_word' id='word_1_49' title='bbox 336 961 529 1013; x_wconf 84' lang='lat' dir='ltr'>Vicario</span> <span class='ocrx_word' id='word_1_50' title='bbox 544 964 729 1030; x_wconf 86' lang='lat' dir='ltr'><strong>semper</strong></span> <span class='ocrx_word' id='word_1_51' title='bbox 745 960 889 1013; x_wconf 86' lang='lat' dir='ltr'>fueris</span> <span class='ocrx_word' id='word_1_52' title='bbox 904 960 1218 1013; x_wconf 75' lang='lat' dir='ltr'>devotiffime</span> <span class='ocrx_word' id='word_1_53' title='bbox 1235 954 1540 1022; x_wconf 66' lang='lat' dir='ltr'>conjunctus</span> <span class='ocrx_word' id='word_1_54' title='bbox 1588 951 1661 1005; x_wconf 86' lang='lat' dir='ltr'>Ex</span> <span class='ocrx_word' id='word_1_55' title='bbox 1676 951 1699 969; x_wconf 77' lang='lat'>&#39;³</span> 
     </span>
     <span class='ocr_line' id='line_1_8' title="bbox 130 1063 1701 1138; baseline -0.007 -18"><span class='ocrx_word' id='word_1_56' title='bbox 130 1067 205 1120; x_wconf 88' lang='lat' dir='ltr'>his</span> <span class='ocrx_word' id='word_1_57' title='bbox 232 1075 476 1138; x_wconf 85' lang='lat' dir='ltr'>principiis</span> <span class='ocrx_word' id='word_1_58' title='bbox 499 1071 871 1123; x_wconf 80' lang='lat' dir='ltr'>Maximilianus</span> <span class='ocrx_word' id='word_1_59' title='bbox 892 1069 1025 1121; x_wconf 85' lang='lat' dir='ltr'>hanc</span> <span class='ocrx_word' id='word_1_60' title='bbox 1047 1070 1208 1137; x_wconf 83' lang='lat' dir='ltr'>legem</span> <span class='ocrx_word' id='word_1_61' title='bbox 1236 1068 1402 1118; x_wconf 81' lang='lat' dir='ltr'>statuit</span> <span class='ocrx_word' id='word_1_62' title='bbox 1422 1102 1439 1123; x_wconf 87' lang='lat'>,</span> <span class='ocrx_word' id='word_1_63' title='bbox 1482 1081 1546 1113; x_wconf 90' lang='lat' dir='ltr'>ne</span> <span class='ocrx_word' id='word_1_64' title='bbox 1572 1063 1701 1130; x_wconf 89' lang='lat' dir='ltr'>quis·</span> 
     </span>
     <span class='ocr_line' id='line_1_9' title="bbox 134 1174 1702 1248; baseline -0.002 -18"><span class='ocrx_word' id='word_1_65' title='bbox 134 1196 289 1248; x_wconf 81' lang='lat' dir='ltr'>quam</span> <span class='ocrx_word' id='word_1_66' title='bbox 320 1185 372 1231; x_wconf 88' lang='lat' dir='ltr'>in</span> <span class='ocrx_word' id='word_1_67' title='bbox 399 1183 488 1232; x_wconf 83' lang='lat' dir='ltr'>suis</span> <span class='ocrx_word' id='word_1_68' title='bbox 529 1181 800 1232; x_wconf 82' lang='lat' dir='ltr'>Provinciis</span> <span class='ocrx_word' id='word_1_69' title='bbox 836 1180 864 1230; x_wconf 75' lang='grc' dir='ltr'>ὲ</span> <span class='ocrx_word' id='word_1_70' title='bbox 894 1195 1007 1230; x_wconf 83' lang='lat' dir='ltr'>vera</span> <span class='ocrx_word' id='word_1_71' title='bbox 1043 1178 1299 1246; x_wconf 82' lang='lat' dir='ltr'>Religione</span> <span class='ocrx_word' id='word_1_72' title='bbox 1323 1178 1507 1227; x_wconf 80' lang='lat' dir='ltr'>alienus</span> <span class='ocrx_word' id='word_1_73' title='bbox 1534 1174 1702 1227; x_wconf 82' lang='lat' dir='ltr'>stabile</span> 
     </span>
     <span class='ocr_line' id='line_1_10' title="bbox 133 1286 1700 1365; baseline -0.005 -21"><span class='ocrx_word' id='word_1_74' title='bbox 133 1292 449 1347; x_wconf 83' lang='lat' dir='ltr'>domicilium</span> <span class='ocrx_word' id='word_1_75' title='bbox 466 1295 646 1348; x_wconf 77' lang='lat' dir='ltr'>habere</span> <span class='ocrx_word' id='word_1_76' title='bbox 680 1296 833 1365; x_wconf 81' lang='lat' dir='ltr'>poffit</span> <span class='ocrx_word' id='word_1_77' title='bbox 853 1333 867 1353; x_wconf 83' lang='lat'>‚</span> <span class='ocrx_word' id='word_1_78' title='bbox 910 1293 1137 1362; x_wconf 84' lang='lat' dir='ltr'>jussitque</span> <span class='ocrx_word' id='word_1_79' title='bbox 1160 1309 1248 1344; x_wconf 89' lang='lat' dir='ltr'>eos</span> <span class='ocrx_word' id='word_1_80' title='bbox 1274 1330 1288 1350; x_wconf 93' lang='lat'>,</span> <span class='ocrx_word' id='word_1_81' title='bbox 1327 1295 1410 1359; x_wconf 88' lang='lat' dir='ltr'>qui</span> <span class='ocrx_word' id='word_1_82' title='bbox 1432 1294 1481 1339; x_wconf 90' lang='lat' dir='ltr'>in</span> <span class='ocrx_word' id='word_1_83' title='bbox 1504 1286 1700 1339; x_wconf 87' lang='lat' dir='ltr'>Divinis</span> 
     </span>
     <span class='ocr_line' id='line_1_11' title="bbox 134 1392 1703 1472; baseline -0.004 -22"><span class='ocrx_word' id='word_1_84' title='bbox 134 1400 313 1469; x_wconf 81' lang='lat' dir='ltr'>aliquid</span> <span class='ocrx_word' id='word_1_85' title='bbox 341 1407 618 1462; x_wconf 79' lang='lat' dir='ltr'>innovant,</span> <span class='ocrx_word' id='word_1_86' title='bbox 655 1404 837 1472; x_wconf 81' lang='lat' dir='ltr'>fugari,</span> <span class='ocrx_word' id='word_1_87' title='bbox 876 1401 925 1453; x_wconf 74' lang='grc' dir='ltr'>ὃ(</span> <span class='ocrx_word' id='word_1_88' title='bbox 947 1439 962 1459; x_wconf 82' lang='grc'><em>,</em></span> <span class='ocrx_word' id='word_1_89' title='bbox 1000 1399 1168 1470; x_wconf 83' lang='lat' dir='ltr'>quoad</span> <span class='ocrx_word' id='word_1_90' title='bbox 1193 1399 1306 1450; x_wconf 90' lang='lat' dir='ltr'>licet</span> <span class='ocrx_word' id='word_1_91' title='bbox 1324 1435 1339 1456; x_wconf 86' lang='lat'><strong>‚</strong></span> <span class='ocrx_word' id='word_1_92' title='bbox 1372 1401 1613 1453; x_wconf 77' lang='lat' dir='ltr'>coerceri,</span> <span class='ocrx_word' id='word_1_93' title='bbox 1635 1392 1703 1445; x_wconf 84' lang='lat' dir='ltr'>id·</span> 
     </span>
     <span class='ocr_line' id='line_1_12' title="bbox 132 1498 1701 1580; baseline 0.003 -22"><span class='ocrx_word' id='word_1_94' title='bbox 132 1524 227 1576; x_wconf 84' lang='lat' dir='ltr'>que</span> <span class='ocrx_word' id='word_1_95' title='bbox 241 1523 357 1559; x_wconf 88' lang='lat' dir='ltr'>tum</span> <span class='ocrx_word' id='word_1_96' title='bbox 376 1508 472 1561; x_wconf 88' lang='lat' dir='ltr'>Dei</span> <span class='ocrx_word' id='word_1_97' title='bbox 492 1508 641 1562; x_wconf 60' lang='lat' dir='ltr'>caus&amp;</span> <span class='ocrx_word' id='word_1_98' title='bbox 658 1548 675 1569; x_wconf 89' lang='lat'>,</span> <span class='ocrx_word' id='word_1_99' title='bbox 712 1524 828 1562; x_wconf 86' lang='lat' dir='ltr'>tum</span> <span class='ocrx_word' id='word_1_100' title='bbox 848 1547 863 1569; x_wconf 85' lang='lat'>,</span> <span class='ocrx_word' id='word_1_101' title='bbox 898 1512 1036 1580; x_wconf 80' lang='lat' dir='ltr'>quod</span> <span class='ocrx_word' id='word_1_102' title='bbox 1051 1498 1327 1564; x_wconf 88' lang='lat' dir='ltr'>istiusmodi</span> <span class='ocrx_word' id='word_1_103' title='bbox 1348 1512 1594 1564; x_wconf 81' lang='lat' dir='ltr'>novitates</span> <span class='ocrx_word' id='word_1_104' title='bbox 1609 1515 1701 1563; x_wconf 91' lang='lat' dir='ltr'>im-</span> 
     </span>
     <span class='ocr_line' id='line_1_13' title="bbox 131 1613 1701 1687; baseline -0.004 -17"><span class='ocrx_word' id='word_1_105' title='bbox 131 1620 321 1687; x_wconf 86' lang='lat' dir='ltr'>pellunt</span> <span class='ocrx_word' id='word_1_106' title='bbox 341 1620 472 1672; x_wconf 77' lang='lat' dir='ltr'>male</span> <span class='ocrx_word' id='word_1_107' title='bbox 496 1620 693 1674; x_wconf 81' lang='lat' dir='ltr'>feriatos</span> <span class='ocrx_word' id='word_1_108' title='bbox 714 1620 777 1673; x_wconf 82' lang='lat' dir='ltr'>ad</span> <span class='ocrx_word' id='word_1_109' title='bbox 799 1637 965 1673; x_wconf 85' lang='lat' dir='ltr'>rerum</span> <span class='ocrx_word' id='word_1_110' title='bbox 987 1624 1345 1674; x_wconf 79' lang='lat' dir='ltr'>mutationem.</span> <span class='ocrx_word' id='word_1_111' title='bbox 1417 1613 1563 1667; x_wconf 85' lang='lat' dir='ltr'>Unde</span> <span class='ocrx_word' id='word_1_112' title='bbox 1583 1629 1701 1664; x_wconf 88' lang='lat' dir='ltr'>con·</span> 
     </span>
     <span class='ocr_line' id='line_1_14' title="bbox 131 1725 1702 1792; baseline -0.003 -14"><span class='ocrx_word' id='word_1_113' title='bbox 131 1730 397 1791; x_wconf 76' lang='lat' dir='ltr'>jurationes</span> <span class='ocrx_word' id='word_1_114' title='bbox 421 1769 435 1789; x_wconf 88' lang='lat'>‚</span> <span class='ocrx_word' id='word_1_115' title='bbox 476 1728 730 1781; x_wconf 85' lang='lat' dir='ltr'>seditiones</span> <span class='ocrx_word' id='word_1_116' title='bbox 761 1768 775 1786; x_wconf 79' lang='grc'><em>,</em></span> <span class='ocrx_word' id='word_1_117' title='bbox 829 1727 1158 1780; x_wconf 81' lang='lat' dir='ltr'>conciliabula</span> <span class='ocrx_word' id='word_1_118' title='bbox 1183 1763 1199 1785; x_wconf 86' lang='lat'>‚</span> <span class='ocrx_word' id='word_1_119' title='bbox 1222 1725 1477 1792; x_wconf 65' lang='lat' dir='ltr'>maleique</span> <span class='ocrx_word' id='word_1_120' title='bbox 1508 1725 1702 1781; x_wconf 83' lang='lat' dir='ltr'>omnia.</span> 
     </span>
     <span class='ocr_line' id='line_1_15' title="bbox 131 1830 1699 1900; baseline -0.003 -15"><span class='ocrx_word' id='word_1_121' title='bbox 131 1836 394 1898; x_wconf 81' lang='lat' dir='ltr'>Majorum</span> <span class='ocrx_word' id='word_1_122' title='bbox 429 1838 644 1888; x_wconf 81' lang='lat' dir='ltr'>instituta</span> <span class='ocrx_word' id='word_1_123' title='bbox 673 1841 829 1894; x_wconf 86' lang='lat' dir='ltr'>tueri,</span> <span class='ocrx_word' id='word_1_124' title='bbox 866 1836 1002 1888; x_wconf 79' lang='lat' dir='ltr'>sacris</span> <span class='ocrx_word' id='word_1_125' title='bbox 1021 1872 1036 1893; x_wconf 94' lang='lat'><strong>‚</strong></span> <span class='ocrx_word' id='word_1_126' title='bbox 1068 1830 1458 1900; x_wconf 82' lang='lat' dir='ltr'>ceremoniisque</span> <span class='ocrx_word' id='word_1_127' title='bbox 1495 1834 1699 1880; x_wconf 87' lang='lat' dir='ltr'>retinen-</span> 
     </span>
     <span class='ocr_line' id='line_1_16' title="bbox 132 1939 1494 2013; baseline -0.003 -19"><span class='ocrx_word' id='word_1_128' title='bbox 132 1944 203 1995; x_wconf 85' lang='lat' dir='ltr'>dis</span> <span class='ocrx_word' id='word_1_129' title='bbox 229 1945 543 2012; x_wconf 84' lang='lat' dir='ltr'>proficuum,</span> <span class='ocrx_word' id='word_1_130' title='bbox 572 1943 687 1997; x_wconf 90' lang='lat' dir='ltr'>Deo</span> <span class='ocrx_word' id='word_1_131' title='bbox 709 1958 976 2013; x_wconf 83' lang='lat' dir='ltr'>acceptum</span> <span class='ocrx_word' id='word_1_132' title='bbox 996 1981 1010 2003; x_wconf 90' lang='lat'>‚</span> <span class='ocrx_word' id='word_1_133' title='bbox 1047 1939 1250 2011; x_wconf 89' lang='lat' dir='ltr'>publico</span> <span class='ocrx_word' id='word_1_134' title='bbox 1279 1940 1494 1992; x_wconf 81' lang='lat' dir='ltr'>salutare.</span> 
     </span>
     <span class='ocr_line' id='line_1_17' title="bbox 443 2052 1701 2125; baseline -0.006 -14"><span class='ocrx_word' id='word_1_135' title='bbox 443 2059 631 2111; x_wconf 81' lang='lat' dir='ltr'>Hausta</span> <span class='ocrx_word' id='word_1_136' title='bbox 650 2057 757 2110; x_wconf 83' lang='lat' dir='ltr'>haec</span> <span class='ocrx_word' id='word_1_137' title='bbox 780 2059 888 2108; x_wconf 91' lang='lat' dir='ltr'>sunt</span> <span class='ocrx_word' id='word_1_138' title='bbox 909 2061 1144 2125; x_wconf 78' lang='lat' dir='ltr'>principia</span> <span class='ocrx_word' id='word_1_139' title='bbox 1161 2052 1492 2106; x_wconf 80' lang='lat' dir='ltr'>Maximiliani</span> <span class='ocrx_word' id='word_1_140' title='bbox 1525 2068 1583 2104; x_wconf 84' lang='lat' dir='ltr'>ex</span> <span class='ocrx_word' id='word_1_141' title='bbox 1605 2059 1701 2104; x_wconf 82' lang='lat' dir='ltr'>avi·</span> 
     </span>
     <span class='ocr_line' id='line_1_18' title="bbox 130 2162 1699 2241; baseline -0.008 -16"><span class='ocrx_word' id='word_1_142' title='bbox 130 2184 181 2225; x_wconf 84' lang='lat' dir='ltr'>ta</span> <span class='ocrx_word' id='word_1_143' title='bbox 206 2175 467 2239; x_wconf 81' lang='lat' dir='ltr'>Majorum</span> <span class='ocrx_word' id='word_1_144' title='bbox 498 2175 702 2226; x_wconf 89' lang='lat' dir='ltr'>suorum</span> <span class='ocrx_word' id='word_1_145' title='bbox 732 2180 783 2225; x_wconf 93' lang='lat' dir='ltr'>in</span> <span class='ocrx_word' id='word_1_146' title='bbox 809 2173 1119 2241; x_wconf 84' lang='lat' dir='ltr'>Religionem</span> <span class='ocrx_word' id='word_1_147' title='bbox 1155 2174 1351 2238; x_wconf 78' lang='lat' dir='ltr'>pietate.</span> <span class='ocrx_word' id='word_1_148' title='bbox 1447 2162 1699 2233; x_wconf 82' lang='lat' dir='ltr'>Agebatur</span> 
     </span>
     <span class='ocr_line' id='line_1_19' title="bbox 133 2272 1702 2341; baseline -0.003 -14"><span class='ocrx_word' id='word_1_149' title='bbox 133 2277 192 2328; x_wconf 88' lang='lat' dir='ltr'>de</span> <span class='ocrx_word' id='word_1_150' title='bbox 216 2279 451 2332; x_wconf 88' lang='lat' dir='ltr'>Concilio</span> <span class='ocrx_word' id='word_1_151' title='bbox 474 2279 766 2331; x_wconf 86' lang='lat' dir='ltr'>Tridentino</span> <span class='ocrx_word' id='word_1_152' title='bbox 790 2317 805 2339; x_wconf 86' lang='lat'>‚</span> <span class='ocrx_word' id='word_1_153' title='bbox 844 2284 984 2330; x_wconf 84' lang='lat' dir='ltr'>variis</span> <span class='ocrx_word' id='word_1_154' title='bbox 1009 2295 1065 2329; x_wconf 86' lang='lat' dir='ltr'>ex</span> <span class='ocrx_word' id='word_1_155' title='bbox 1089 2278 1238 2329; x_wconf 80' lang='lat' dir='ltr'>causis</span> <span class='ocrx_word' id='word_1_156' title='bbox 1264 2273 1584 2341; x_wconf 77' lang='lat' dir='ltr'>interpolatO.</span> <span class='ocrx_word' id='word_1_157' title='bbox 1629 2272 1702 2322; x_wconf 90' lang='lat' dir='ltr'>In·</span> 
     </span>
     <span class='ocr_line' id='line_1_20' title="bbox 134 2375 1700 2448; baseline -0.005 -15"><span class='ocrx_word' id='word_1_158' title='bbox 134 2390 272 2435; x_wconf 83' lang='lat' dir='ltr'>vitati</span> <span class='ocrx_word' id='word_1_159' title='bbox 295 2386 322 2436; x_wconf 76' lang='grc' dir='ltr'>ὲ</span> <span class='ocrx_word' id='word_1_160' title='bbox 342 2386 545 2436; x_wconf 88' lang='lat' dir='ltr'>summo</span> <span class='ocrx_word' id='word_1_161' title='bbox 561 2384 802 2436; x_wconf 85' lang='lat' dir='ltr'>Pontifice</span> <span class='ocrx_word' id='word_1_162' title='bbox 825 2383 1100 2435; x_wconf 79' lang='lat' dir='ltr'>Germania:</span> <span class='ocrx_word' id='word_1_163' title='bbox 1121 2383 1369 2448; x_wconf 87' lang='lat' dir='ltr'>Principes</span> <span class='ocrx_word' id='word_1_164' title='bbox 1397 2378 1458 2430; x_wconf 83' lang='lat' dir='ltr'>ad</span> <span class='ocrx_word' id='word_1_165' title='bbox 1482 2376 1601 2428; x_wconf 90' lang='lat' dir='ltr'>illud</span> <span class='ocrx_word' id='word_1_166' title='bbox 1623 2375 1700 2426; x_wconf 85' lang='lat' dir='ltr'>de·</span> 
     </span>
     <span class='ocr_line' id='line_1_21' title="bbox 131 2492 1698 2561; baseline -0.008 -11"><span class='ocrx_word' id='word_1_167' title='bbox 131 2516 237 2550; x_wconf 89' lang='lat' dir='ltr'>nuo</span> <span class='ocrx_word' id='word_1_168' title='bbox 260 2500 645 2552; x_wconf 81' lang='lat' dir='ltr'>restaurandum·</span> <span class='ocrx_word' id='word_1_169' title='bbox 738 2499 905 2550; x_wconf 88' lang='lat' dir='ltr'>Plures</span> <span class='ocrx_word' id='word_1_170' title='bbox 931 2494 1187 2549; x_wconf 86' lang='lat' dir='ltr'>Pontificis</span> <span class='ocrx_word' id='word_1_171' title='bbox 1209 2492 1509 2561; x_wconf 85' lang='lat' dir='ltr'>potestatem</span> <span class='ocrx_word' id='word_1_172' title='bbox 1534 2495 1584 2538; x_wconf 90' lang='lat' dir='ltr'>in</span> <span class='ocrx_word' id='word_1_173' title='bbox 1617 2503 1698 2539; x_wconf 91' lang='lat' dir='ltr'>co-</span> 
     </span>
    </p>
   </div>
   <div class='ocr_carea' id='block_1_3' title="bbox 132 2600 1699 2769">
    <p class='ocr_par' dir='ltr' id='par_1_3' title="bbox 132 2600 1699 2769">
     <span class='ocr_line' id='line_1_22' title="bbox 132 2600 1699 2676; baseline -0.008 -15"><span class='ocrx_word' id='word_1_174' title='bbox 132 2610 295 2676; x_wconf 83' lang='lat' dir='ltr'>gendo</span> <span class='ocrx_word' id='word_1_175' title='bbox 329 2611 463 2662; x_wconf 85' lang='lat' dir='ltr'>orbis</span> <span class='ocrx_word' id='word_1_176' title='bbox 493 2613 697 2664; x_wconf 81' lang='lat' dir='ltr'>universi</span> <span class='ocrx_word' id='word_1_177' title='bbox 721 2609 934 2662; x_wconf 86' lang='lat' dir='ltr'>concilio</span> <span class='ocrx_word' id='word_1_178' title='bbox 964 2623 1055 2658; x_wconf 90' lang='lat' dir='ltr'>nec</span> <span class='ocrx_word' id='word_1_179' title='bbox 1088 2604 1342 2673; x_wconf 80' lang='lat' dir='ltr'>agnoscere</span> <span class='ocrx_word' id='word_1_180' title='bbox 1367 2637 1380 2658; x_wconf 87' lang='lat'>‚</span> <span class='ocrx_word' id='word_1_181' title='bbox 1415 2615 1506 2650; x_wconf 86' lang='lat' dir='ltr'>nec</span> <span class='ocrx_word' id='word_1_182' title='bbox 1533 2600 1561 2650; x_wconf 78' lang='grc' dir='ltr'>ὲ</span> <span class='ocrx_word' id='word_1_183' title='bbox 1584 2613 1699 2649; x_wconf 89' lang='lat' dir='ltr'>nor·</span> 
     </span>
     <span class='ocr_line' id='line_1_23' title="bbox 896 2717 1629 2769; baseline -0.016 0"><span class='ocrx_word' id='word_1_184' title='bbox 896 2717 936 2769; x_wconf 89' lang='lat' dir='ltr'>B</span> <span class='ocrx_word' id='word_1_185' title='bbox 979 2736 999 2768; x_wconf 90' lang='lat'>2</span> <span class='ocrx_word' id='word_1_186' title='bbox 1540 2721 1629 2758; x_wconf 84' lang='lat' dir='ltr'>ma</span> 
     </span>
    </p>
   </div>
  </div>
 </body>
</html>
