1992 3319
1532 258 1593 308 61

90 386 332 456 pericula,
364 381 522 451 quam
545 379 757 438 instent‘3
793 376 916 430 cum
934 373 1131 427 adsunt,
1161 388 1218 421 ea
1242 368 1524 438 defugiunt3
1551 387 1670 438 qua·

89 500 157 550 les
178 500 207 562 ij
235 499 342 549 sunt
363 534 377 555 ‚
419 498 503 562 qui
536 489 753 559 pericula
791 487 902 538 belli
926 490 1143 537 omnino
1167 489 1404 551 ignorant
1426 521 1440 540 ‚
1474 483 1669 535 bellum

91 621 291 674 tamen,
316 599 459 662 variis
484 607 616 654 moti
642 593 921 669 principiis,
954 598 1149 649 liberius
1170 593 1372 646 suadent
1391 629 1405 650 ,
1436 593 1674 646 &incon-

97 721 279 778 sultiuS.
363 720 612 788 Exemplo
647 721 703 771 sit
729 752 744 776 —‚
792 713 932 785 quod
969 713 1198 780 Princeps
1236 713 1582 776 Oretopianus
1624 706 1675 758 ὃ(

93 833 187 900 ipse
216 829 506 898 experientia
532 830 701 882 didicit
719 864 734 887 ‚
772 828 823 880 ὃ(
842 829 952 878 suos
982 826 1170 883 docuit.
1243 822 1576 879 Consultabat
1595 821 1676 871 ille

97 957 218 992 cum
246 955 436 1008 magno
465 940 876 991 Confiliariorum
895 938 1102 987 suorum
1121 948 1336 986 numero
1360 934 1561 985 debello
1591 936 1675 986 sus}

93 1052 318 1120 cipiendo
345 1070 358 1111 ;
394 1051 599 1119 jamque
626 1048 817 1103 senatus
857 1048 1139 1100 consultum
1163 1045 1222 1096 de
1246 1063 1306 1096 eo
1332 1045 1562 1094 unanimi
1582 1037 1673 1089 suf-

96 1169 251 1237 fragio
298 1170 540 1218 statutum
572 1164 972 1220 subscribendum
1003 1174 1105 1213 erat
1133 1199 1147 1218 ‚
1195 1163 1314 1212 cum
1353 1180 1409 1211 ex
1442 1163 1675 1229 opposita

104 1278 351 1331 caenaculo
378 1282 529 1334 turri,
573 1282 644 1326 uti
668 1277 764 1344 ipse
795 1277 928 1344 prius
963 1275 1098 1326 clam
1125 1275 1318 1337 jusserat
1342 1308 1356 1330 -,
1392 1290 1478 1341 per
1497 1278 1674 1323 vitreas

101 1388 324 1438 fenestras
351 1392 400 1436 in
423 1387 662 1436 conclave
680 1422 695 1443 ,
733 1385 1074 1448 jaculabantur
1107 1384 1291 1434 milites
1315 1417 1329 1440 ·‚
1360 1384 1455 1432 sine
1482 1381 1674 1431 damno

100 1496 303 1565 quidem
325 1514 504 1547 eorum
524 1532 539 1551 ,
581 1501 663 1564 qui
689 1495 914 1556 aderant,
936 1494 1011 1543 sed
1048 1511 1156 1544 non
1182 1496 1278 1543 [ine
1308 1497 1492 1560 ingenti
1518 1510 1675 1559 pavo—

96 1625 145 1658 re
162 1627 177 1670 ;
216 1610 321 1658 visis
339 1613 473 1658 enim
498 1607 820 1675 specularium
847 1604 1178 1673 fragminibus
1199 1604 1446 1655 hincinde
1467 1605 1677 1656 volitan-

100 1713 230 1764 tibus
250 1731 429 1765 omnes
453 1714 683 1783 diffugere
711 1754 725 1772 ‚
766 1733 822 1765 ac
841 1729 949 1767 tuta
973 1734 1187 1785 quaerere
1210 1755 1224 1774 ‚
1261 1718 1448 1786 singuli,
1465 1718 1524 1768 de
1542 1720 1676 1769 Prin-

99 1831 203 1894 cipe
229 1828 409 1895 parum
430 1829 630 1886 soliciti,
660 1829 745 1881 fibi
767 1829 876 1881 solis
901 1832 1162 1882 consulere.
1237 1834 1374 1883 Irrita
1398 1846 1536 1883 erant
1561 1851 1677 1884 mo-

98 1945 201 1991 nita
222 1942 452 2010 Principis
474 1980 489 2001 ‚
527 1925 584 1993 ut
611 1949 661 1994 in
692 1945 913 2011 periculo
935 1945 1160 2011 intrepidi
1181 1985 1195 2009 ‚
1236 1945 1403 2014 quales
1430 1950 1484 1996 in
1522 1950 1673 1999 consi-

99 2051 166 2100 lio
191 2051 398 2104 audaces
418 2088 433 2110 ‚
470 2054 785 2121 persisterent.
865 2055 993 2103 Vicit
1012 2058 1170 2103 timor
1193 2053 1541 2104 verecundiam
1562 2092 1576 2111 ,
1624 2054 1676 2106 ὃ(

97 2166 212 2228 qui,
245 2161 367 2215 dum
405 2168 596 2215 securos
622 2167 664 2215 se
692 2162 914 2215 viderant
932 2203 948 2219 ,
986 2163 1141 2214 fortes
1168 2163 1428 2215 sententias
1453 2181 1674 2232 pronun-⁴

103 2276 300 2327 ciabant
319 2313 333 2332 ‚
369 2290 509 2327 metu
540 2278 705 2329 obruti
724 2283 774 2329 in
800 2279 901 2345 ipso
935 2294 1086 2345 opere
1105 2275 1405 2333 defecerunt.
1556 2280 1670 2331 Scio

102 2389 333 2458 equidem
355 2406 499 2440 aurea
516 2391 665 2449 verba
678 2391 944 2460 Euripidis:
966 2398 1039 2461 (7)
1063 2380 1336 2445 Lubrica
1351 2406 1470 2458 res,
1488 2385 1676 2447 Prin-

104 2523 232 2591 ceps
248 2507 456 2571 audax
547 2520 599 2572 ὃ(
621 2517 814 2571 suadere
836 2522 1047 2588 Principi
1063 2560 1077 2579 ,
1113 2521 1231 2590 quid
1245 2527 1527 2579 conveniat,
1547 2523 1677 2574 mul-

103 2641 140 2686 ti
160 2635 359 2688 laboris·
425 2624 618 2685 Verum
637 2651 693 2684 ex
716 2632 815 2684 hoc
842 2636 943 2702 ipso
972 2633 1022 2685 ὃ(
1056 2635 1395 2685 necessitatem
1419 2672 1435 2697 ,
1484 2633 1536 2685 ὅ(
1559 2636 1675 2699 utili*

958 2743 1036 2811 Q
1447 2756 1606 2796 tatem

173 2823 178 2849 ἵ
249 2855 339 2918 (7)
373 2860 547 2905 Tacitus.
