1992 3319
388 322 444 371 38

310 417 443 471 vim,
467 411 520 465 ὃ(
540 411 818 466 efficaciam
832 415 972 467 suam
985 414 1164 468 habuit
1185 417 1214 468 ὲ
1230 418 1459 469 consensu
1481 416 1672 486 populi.
1707 416 1885 469 Trans·

311 522 556 583 lationem
580 524 708 576 hanc
731 525 955 594 singulari
976 525 1219 578 beneficio
1251 532 1302 577 in
1329 526 1575 579 Carolum
1594 565 1609 585 ‚
1639 526 1884 579 miraculo

310 641 362 687 in
403 635 702 688 Pontificem
741 634 970 687 Leonem
1001 674 1018 700 ,
1071 646 1371 702 acceptam,
1406 634 1669 704 ratzimque
1711 631 1887 684 habuit

310 745 466 804 Deus,
540 745 700 817 Qod
724 750 895 814 paucis
922 745 1302 814 explicabimus:

685 860 891 911 Notum
928 858 994 909 est
1011 895 1026 915 ‚
1063 855 1365 909 Pontificem
1389 854 1619 907 Leonem
1646 850 1720 904 III.
1747 850 1775 901 ὲ
1797 849 1885 901 Pa-

308 969 450 1021 schali
469 971 756 1029 PrimieriO,
780 968 881 1036 8(Ιᾶ
910 968 1171 1036 Campulo
1195 965 1454 1018 Sacellario
1479 1001 1494 1022 ,
1531 961 1769 1016 Hadriani
1789 961 1887 1012 Ne·

306 1078 553 1145 potibus,
602 1084 655 1131 in
693 1078 895 1147 publica
924 1078 1235 1148 proceffione
1274 1082 1419 1133 omni
1468 1076 1788 1134 crudelitate,
1829 1091 1887 1125 ac

307 1188 445 1243 rabie
468 1188 785 1240 daemoniaca
809 1188 943 1240 fuisse
963 1188 1250 1246 traciarum,
1272 1189 1421 1257 usque
1443 1188 1599 1243 adeo,
1621 1187 1886 1239 utPascha·

307 1298 340 1350 li
365 1296 426 1350 ad
456 1309 608 1366 caput
626 1336 641 1357 ,
681 1297 943 1367 Campulo
976 1298 1038 1351 ad
1060 1299 1209 1367 pedes
1232 1301 1387 1354 stante
1405 1337 1420 1358 ,
1456 1300 1734 1368 eorumque
1761 1299 1885 1363 juffu

309 1412 363 1459 in
382 1420 567 1459 terram
597 1407 772 1459 multis
794 1407 1079 1465 vulneribus
1103 1410 1348 1476 prostrato
1377 1444 1393 1466 ,
1435 1423 1492 1460 ac
1517 1407 1713 1477 publice
1740 1408 1887 1460 denu-

309 1520 430 1572 dato
458 1520 617 1572 Leoni
653 1519 705 1571 ἃ
736 1519 868 1570 oculi
905 1533 1186 1571 eruerentur
1210 1557 1225 1578 ‚
1262 1519 1313 1571 ὅ(
1348 1520 1515 1589 lingua
1544 1520 1777 1573 radicitus
1812 1540 1886 1573 ex-

310 1634 614 1687 scinderetur.
693 1633 900 1686 Notum
942 1634 1038 1691 est,
1071 1632 1259 1684 dicium
1298 1633 1527 1684 Leonem
1557 1638 1609 1684 in
1636 1633 1890 1686 Monaste-

310 1751 384 1800 rio
431 1746 476 1797 S.
512 1745 749 1797 Gerafimi
788 1748 1010 1816 fingulari
1048 1748 1143 1799 Dei
1176 1741 1417 1799 beneficio
1440 1783 1454 1805 ,
1494 1748 1697 1808 oculos,
1731 1747 1781 1800 ὃ(
1803 1749 1887 1800 lin-

311 1875 467 1929 guam
488 1856 655 1909 denuo
680 1859 903 1926 recepisse
923 1895 939 1917 ‚
972 1874 1029 1909 ac
1054 1856 1229 1911 Rom&
1253 1860 1375 1911 -dein
1397 1859 1678 1928 profugum
1709 1860 1770 1912 ad
1794 1860 1886 1912 Ca-

313 1975 482 2026 rolum
504 2012 519 2033 ,
558 1973 621 2025 ab
654 1989 715 2023 eo
744 1979 888 2025 omni
922 1973 1084 2031 cultu,
1119 1973 1169 2025 ὃ(
1203 1989 1379 2024 amore·
1404 1975 1669 2040 exceptum
1690 2008 1705 2030 ‚
1744 1989 1801 2023 ac
1837 1977 1886 2025 in

313 2085 530 2137 faustam
552 2085 716 2138 sedem
753 2080 983 2138 maximo
1024 2087 1273 2137 comitatu
1305 2119 1321 2142 ‚
1372 2082 1423 2134 ἃ
1459 2082 1670 2151 publicis
1700 2083 1888 2150 ‘ubique

314 2217 557 2258 ornatum
602 2202 891 2256 honoribus
919 2199 1180 2251 reductum
1212 2197 1359 2253 fuiffe.
1429 2197 1527 2249 Hic
1560 2214 1675 2265 ergo
1695 2198 1772 2248 ille
1793 2199 1888 2254 est,

315 2320 426 2383 qui,
458 2314 614 2366 oculis
637 2315 664 2367 ὲι
688 2313 803 2366 Deo
846 2312 970 2366 datis
991 2353 1007 2371 ,
1045 2317 1168 2368 vidit
1201 2316 1370 2367 Caroli
1405 2311 1459 2367 in
1479 2316 1699 2367 sanciam
1727 2310 1886 2365 Eccle—

316 2428 439 2478 fiam
470 2426 634 2476 zelum
659 2463 673 2484 ‚
706 2426 758 2478 ὅ(
794 2433 1035 2496 pietatem
1058 2467 1072 2487 ‚
1111 2433 1193 2498 qui
1229 2426 1393 2497 linguai
1428 2428 1455 2479 ὲ
1488 2425 1602 2480 Deo
1637 2421 1888 2479 restitutfi,

317 2538 418 2601 ejus
448 2540 649 2588 virtutes
680 2538 1025 2607 depraedicavit
1046 2574 1061 2598 ,
1099 2540 1150 2591 ὃ(
1169 2577 1183 2598 ,
1222 2544 1305 2609 qui
1334 2543 1608 2607 Imperium
1646 2538 1674 2588 ὲ
1707 2538 1887 2589 Graecis

317 2652 617 2704 translatum
638 2687 653 2709 ‚
690 2655 740 2701 in
772 2649 962 2701 Carolo
984 2650 1178 2717 publice
1196 2651 1526 2703 confirmavi&
1604 2650 1891 2699 Ctimenim

1592 2762 1821 2812 Romam
