1992 3319
1546 257 1570 307 5
1576 259 1609 312 9

101 356 335 425 probrare
356 353 565 420 Principi
582 366 801 403 errorem
827 367 842 412 ;
889 354 961 401 uti
981 353 1158 418 pariter
1180 349 1510 418 periculosum
1537 353 1626 409 est,
1646 353 1681 405 fi

105 473 235 527 casus
255 469 380 521 ferat
399 506 414 526 ,
451 480 508 519 ut
527 466 758 532 Princeps
787 461 1103 514 subitaneum
1131 475 1270 530 petat
1289 463 1577 524 confilium3
1612 466 1679 514 su=

100 581 360 632 bitaneum
375 582 415 628 ei
432 576 547 628 dare
563 576 863 643 responsum.
937 574 1167 642 Sequitur
1184 579 1364 641 proin,
1403 587 1681 644 antequam

104 688 332 755 Princeps
356 687 487 738 bello
515 687 557 737 se
578 724 593 745 ‚
632 686 846 757 suosque
878 688 1139 747 involvat,
1175 688 1492 756 inspiciendas
1512 689 1600 740 effe
1630 688 1684 742 ὃς

100 804 324 867 proprias
352 835 367 855 ‚
400 797 452 850 ὅ(
472 801 757 849 amicorum
779 836 793 857 ‚
828 800 938 851 imo
962 798 1014 851 ὃ(
1037 799 1262 851 hostium
1282 804 1432 858 vires,
1458 815 1569 869 quae
1589 801 1687 868 spe-

99 912 250 962 randa
280 914 305 963 e
335 913 546 964 vistoriis
585 913 937 964 emolumenta
955 952 971 974 ‚
1008 930 1119 981 quae
1149 912 1376 964 timenda
1403 914 1431 965 ὲ
1461 911 1683 963 cladibus

103 1026 288 1078 damna
305 1063 319 1081 ,
357 1023 410 1075 ὃ(
437 1024 597 1075 anilla
617 1024 690 1075 his
718 1023 1018 1092 praevaleant
1038 1060 1053 1080 ,
1091 1022 1170 1074 vel
1197 1039 1259 1072 an
1274 1021 1381 1072 haec
1404 1020 1495 1070 illis
1516 1019 1682 1070 denuo

103 1138 308 1203 reparari
330 1132 516 1201 possint
541 1132 556 1181 ?
595 1132 924 1187 Damnosum
941 1130 1133 1180 bellum
1145 1131 1210 1179 est
1227 1146 1351 1179 cum
1364 1133 1446 1186 iis,
1470 1133 1684 1199 quinon

103 1244 317 1311 habent,
345 1242 482 1311 quod
505 1241 714 1311 perdant
735 1278 751 1301 ,
798 1245 870 1299 uti
890 1240 1078 1307 semper
1105 1237 1292 1289 exitiale
1312 1274 1328 1297 ‚
1360 1239 1394 1288 si
1417 1237 1550 1288 male
1568 1253 1685 1288 con-

109 1358 302 1409 fultum.

381 1481 615 1532 Multum
636 1479 699 1531 ad
717 1479 1010 1548 suscipienda
1034 1479 1236 1530 confilia
1263 1478 1395 1529 valet
1413 1513 1428 1535 ‚
1462 1477 1505 1526 se
1524 1476 1687 1545 ipsum'

101 1589 235 1642 nosse
256 1628 271 1648 ‚
309 1606 366 1641 ac
390 1592 587 1659 Imperii
609 1593 676 1642 sui
704 1597 825 1642 vires
854 1602 1077 1641 excutere
1095 1625 1110 1644 ‚
1147 1599 1229 1643 ut,
1262 1592 1347 1654 qui
1372 1586 1506 1637 bello
1529 1588 1574 1636 se
1592 1591 1685 1637 im·

102 1731 275 1783 parem
301 1713 652 1764 animadvertit
673 1749 688 1770 ‚
725 1718 859 1780 pacis
881 1708 1069 1761 artibus
1093 1714 1216 1760 tueri
1237 1710 1279 1760 se
1295 1710 1434 1771 sciat3
1463 1727 1572 1779 quae
1586 1709 1686 1759 bel-

104 1823 134 1872 li
155 1862 168 1881 ‚
207 1820 440 1889 pacisque
467 1833 592 1871 artes
620 1822 648 1872 ὲ
665 1820 984 1871 debilioribus
1004 1820 1266 1888 necessario
1290 1855 1306 1877 ,
1345 1820 1373 1870 ἐι
1392 1821 1686 1887 potentiori-

104 1931 198 1982 bus
232 1932 456 1983 consulto
491 1933 797 2000 usurpantur,
871 1932 1007 1984 Stare
1040 1946 1214 1984 autem
1238 1935 1531 1986 sententiam
1556 1934 1688 1990 hanc

103 2064 211 2099 non
235 2047 420 2114 semper
439 2051 490 2097 in
522 2045 625 2096 solo
652 2046 944 2114 Principum
971 2046 1154 2109 judicio
1181 2087 1196 2110 ,
1233 2058 1687 2117 quantumcunque

103 2160 296 2228 reliquis
320 2146 558 2210 omnibus
584 2157 845 2228 prudenti&
869 2159 1168 2227 praevaleant
1194 2195 1208 2215 ‚
1248 2157 1395 2224 digna
1412 2159 1687 2224 Imperato-

106 2291 168 2335 ris
194 2286 433 2335 Antonini
457 2285 528 2336 Pii
549 2286 800 2348 majestate
823 2286 1054 2336 sententia
1066 2284 1252 2353 probat
1275 2305 1285 2336 ε
1326 2274 1568 2355 σθᾳῖίίιὶς
1582 2270 1683 2353 ss»

106 2409 268 2473 ajebat
283 2449 297 2469 ‚
332 2411 402 2459 ut
436 2412 535 2490 tot·
548 2445 565 2472 ,
602 2398 673 2469 &³
714 2413 1021 2462 tantorum
1062 2412 1390 2462 mmmmm
1434 2399 1687 2488 coesslia

81 2537 319 2620 sequar
357 2580 375 2605 ,
430 2539 617 2622 qudm
674 2513 746 2601 itt
808 2553 899 2602 tot
939 2588 956 2613 ‚
998 2539 1071 2611 δέ’)
1113 2545 1279 2603 tanti
1338 2564 1430 2603 me
1471 2562 1672 2604 amum.

953 2683 991 2732 P
1045 2702 1069 2733 2
1474 2683 1613 2751 Saepe
