1992 3319
568 296 570 299 .
1476 255 1563 299 17¹

61 348 228 402 venit,
266 354 346 400 ut,
371 358 525 410 quern
549 339 628 391 ille
661 341 1029 408 Imperatorem
1057 341 1352 410 designaret,
1383 345 1515 397 hanc
1544 346 1647 399 reli·

63 462 147 527 qui
166 473 347 508 omnes
373 453 591 523 legitime
617 453 832 504 elefitum
863 450 1032 504 forent
1051 458 1278 520 agnituri,
1352 454 1645 523 Antequam

62 578 248 624 votum
274 572 303 624 a
326 569 588 621 Ludovico
612 576 883 632 acceptum
908 561 971 612 ad
990 561 1223 611 Comitia
1240 561 1440 628 Imperii
1464 559 1646 611 defera-

62 700 180 735 mus
199 709 229 746 ,ι
250 678 386 731 haud
402 677 490 728 abs
513 694 565 727 re
583 680 668 726 erit
689 674 934 726 acuratius
948 673 1204 742 dispicere,
1234 672 1356 742 quid
1386 672 1450 724 ab
1471 672 1572 723 aliis
1601 691 1644 726 a·

63 796 224 845 stum,
267 791 332 843 ad
354 806 485 859 quos
525 789 705 839 eadem
739 787 957 855 potestas
984 785 1378 836 Co-Ele&ornm
1406 781 1640 854 suffragiis

58 900 160 951 fuit
179 898 451 955 devoluta,
475 893 790 963 temporibus
813 891 1046 962 equidem
1062 891 1274 954 diversa,
1293 891 1370 943 sed
1392 904 1514 960 apta
1534 873 1644 944 ma-

58 1016 192 1062 teriae
216 1049 227 1066 ,
270 1025 426 1076 quam
449 1008 739 1064 .tr.a&amUS,

232 1113 443 1163 Adduco
464 1113 642 1164 testem
672 1116 817 1164 omni
851 1110 947 1162 fide
968 1110 1182 1177 >dignum
1202 1110 1481 1162 Nicolaum
1518 1110 1639 1166 Bur-

59 1232 315 1299 gundum,
344 1232 514 1280 Virum
533 1226 926 1296 jurisprudentia
944 1244 1046 1296 prae
1068 1228 1170 1279 aliis
1187 1231 1428 1297 insignem
1446 1260 1457 1277 ²
1484 1245 1642 1298 quam

60 1340 281 1404 pluribus
310 1345 449 1392 annis
479 1341 680 1392 summa
702 1358 824 1393 cum
857 1342 1001 1394 laude
1021 1343 1332 1395 elucubravit
1357 1344 1639 1412 Ingolstadii

61 1452 327 1509 Professor,
347 1452 665 1504 'historiarum
682 1453 960 1505 eruditione
974 1454 1101 1505 adeo
1125 1455 1396 1513 celebrem,
1425 1469 1497 1513 ut,
1516 1443 1642 1507 dum

0 1602 2 1617 J
55 1566 176 1619 huic
199 1568 358 1619 labori
379 1581 588 1620 vacaret,
609 1567 714 1629 jam
734 1566 868 1633 prius
896 1562 1022 1617 edita
1052 1570 1103 1616 in
1121 1566 1291 1618 lucem
1313 1566 1512 1619 historia
1535 1568 1640 1620 Bel-

0 1699 5 1739 ς
59 1673 195 1744 giezi,
218 1677 591 1728 Maximilianus
610 1679 642 1727 I.
658 1675 880 1728 Bavariee
900 1678 1093 1730 Elestor
1112 1677 1193 1730 sua
1209 1698 1372 1732 manu
1399 1694 1639 1751 torquem

2 1830 7 1836 .
61 1803 270 1838 aureum
287 1786 412 1837 illius
438 1786 573 1837 collo
588 1787 870 1855 appendere
888 1789 1103 1858 dignum
1129 1790 1369 1843 habuerit.
1445 1793 1603 1845 Illeita
1622 1814 1636 1848 ;

182 1898 435 1950 Caeterum
454 1903 504 1949 in
523 1898 814 1973 turbulento
836 1899 920 1950 illo
932 1893 1129 1969 Imperii
1142 1897 1286 1964 stam,
1296 1901 1433 1955 haud
1447 1908 1638 1954 minori

7 2058 11 2060 .
63 2011 294 2064 discordia
310 2011 531 2063 fervebat
548 2012 772 2064 Ecclefia.
810 2012 1075 2065 Biennium
1102 2025 1230 2070 erat,
1252 2013 1303 2065 ὃ(
1323 2014 1397 2064 sex
1416 2015 1637 2082 amplius

19 2142 21 2145 ·
61 2129 247 2180 menses
262 2168 276 2190 ,
305 2145 359 2177 ex
380 2144 481 2196 quo
494 2126 753 2178 decesserat
770 2127 1014 2181 Clemens
1032 2128 1086 2177 V.
1108 2125 1340 2177 Pontifex
1361 2125 1637 2184 Maximus,

62 2245 115 2297 ὅ(
141 2244 302 2296 adhuc
322 2242 613 2294 diffidebant
631 2243 1031 2308 purpuratorum
1049 2237 1270 2307 suffragia
1295 2239 1634 2292 Succefforem

12 2398 13 2401 κ
58 2360 408 2432 quaerentium.
448 2351 738 2424 Singulos‘in
751 2356 832 2405 sua
848 2354 1046 2405 consilia
1061 2358 1284 2405 intentos
1300 2352 1448 2411 Galli,
1465 2351 1633 2404 &Itali

59 2483 112 2529 in
125 2471 246 2524 duas
261 2466 498 2520 faffion'es
519 2467 844 2517 distraxerant.
878 2465 973 2516 Sed
985 2459 1275 2532 Apostolica
1292 2464 1438 2515 Sedes
1451 2468 1500 2514 in
1520 2461 1632 2514 Gal-

54 2587 121 2638 lia
138 2595 242 2636 erat
264 2622 276 2643 ‚
313 2580 488 2649 populi
513 2579 737 2630 Romani
770 2575 1090 2628 seditionibus
1127 2573 1334 2631 offensa,
1357 2576 1633 2642 Imperato-

839 2690 1003 2748 Uu3
1443 2699 1561 2735 rum
