1992 3319
1450 319 1558 374 487

65 415 152 450 nes
175 403 291 449 vivo
311 399 475 457 Patre,
501 402 612 452 viva
638 400 802 453 Matre
834 405 863 469 ζ
899 416 1023 456 nota
1061 409 1112 457 in
1154 407 1359 477 augusto
1380 409 1481 464 hoc
1513 411 1629 462 San.

64 512 212 578 guine
234 508 272 568 F
276 521 469 560 ortunae
497 509 735 577 rabiem)
759 510 1015 579 orphanos
1037 528 1145 563 non
1171 514 1375 567 tantum
1399 554 1414 575 ,
1444 516 1519 568 sed
1550 521 1634 569 eti·

65 635 154 683 am
174 626 401 688 captivos
426 619 527 677 esse.-
669 618 894 689 Dispersae
926 621 964 673 F
966 621 1146 673 amiliae
1165 620 1342 680 dolor,
1376 635 1432 675 ut
1450 625 1638 694 reliqua

66 734 381 789 praeteream,
423 722 835 780 Maximilianum
857 740 1063 775 movere
1090 723 1353 783 debuerat,
1377 724 1586 777 tandem
1608 727 1640 780 a

69 809 330 908 proposito
355 832 386 882 si
407 847 516 882 non
545 828 799 894 decedere,
831 831 1001 883 saltem
1021 831 1274 896 vacillare,
1311 850 1367 898 ac
1382 833 1482 893 fibi,
1530 836 1640 888 suis·

71 957 166 1010 que
185 941 446 992 consulere.
519 940 706 991 Verum
726 939 969 993 columna
988 941 1091 999 illa,
1128 955 1303 995 nutare
1326 947 1498 1005 nescia,
1534 962 1639 1015 per·

66 1045 232 1099 diram
267 1048 472 1098 suorum
508 1044 786 1098 libertatem
806 1082 822 1105 ,
854 1045 1322 1117 subjectionemque,
1340 1057 1638 1106 acerrimam

68 1152 377 1221 Principibus
399 1151 767 1210 calamitatem,
804 1151 987 1204 ἰηνίἃό
1013 1155 1128 1206 tulit
1145 1154 1322 1208 anim&
1348 1195 1362 1219 ,
1401 1172 1550 1229 atque
1587 1167 1641 1214 in

71 1268 146 1320 his
167 1265 364 1317 duobus
393 1264 624 1317 lateribus
642 1265 790 1334 lapidi
811 1267 897 1316 suo
927 1263 1170 1332 insculpsit
1202 1264 1329 1316 datae
1366 1266 1498 1318 Fidei
1520 1273 1642 1320 inte·

73 1381 334 1446 gritatem‚
405 1372 589 1430 eodem
607 1379 658 1425 in
680 1371 774 1425 hac
803 1378 983 1425 virtute
1007 1372 1208 1441 posteris
1229 1372 1462 1441 exemplo
1484 1410 1501 1432 ,
1536 1392 1641 1443 quo

75 1485 203 1537 olim
229 1482 404 1534 claruit
420 1482 457 1532 F
459 1482 687 1536 ridericus
709 1484 1013 1553 Imperator,
1036 1486 1115 1535 cui
1134 1482 1494 1536 sacrosan&um
1519 1503 1650 1546 erat,

77 1593 315 1664 quidquid
349 1594 496 1645 semel
534 1595 859 1663 promiserat,
898 1592 1139 1663 quidquid
1175 1593 1420 1657 edixerat,
1461 1596 1641 1648 usitato

76 1707 266 1773 semper
283 1702 526 1772 Regibus,
545 1719 602 1755 ac
619 1704 929 1773 Principibus
945 1702 1227 1775 digniffimo
1251 1702 1427 1770 adagio
1444 1723 1455 1756 :
1480 1710 1574 1772 (a)

160 1818 298 1881 Non
317 1818 482 1882 decet
495 1822 563 1881 in
574 1815 763 1882 labiis
772 1818 994 1903 verstrri
1010 1817 1251 1883 lubrica
1274 1818 1466 1906 Regis
1477 1869 1495 1894 ,

164 1942 391 2012 Aanfffa
403 1993 420 2018 ,
458 1946 529 2019 ἐξ)
533 1944 827 2032 plenastto
832 1946 962 2026 sint
984 1954 1151 2037 regia
1157 1949 1420 2034 pondere
1440 1948 1665 2024 verba‘,‘

177 2072 558 2160 Dic'Zaſsmel
571 2075 804 2142 nullum
814 2081 1148 2161 patiuntur
1160 2076 1311 2164 jure
1329 2080 1642 2163 recurfimz.

270 2203 394 2254 San'e
419 2204 620 2256 Marcus
645 2203 838 2256 Tullius
869 2209 919 2256 in
949 2202 1126 2256 officiis
1161 2217 1360 2257 tantam
1388 2209 1643 2272 promiffis

83 2316 192 2365 vim
232 2313 402 2365 tribuit
422 2351 438 2373 ,
488 2326 545 2366 ut
571 2313 963 2377 fundamentum
993 2314 1185 2378 justitiae
1212 2314 1364 2367 fidem
1395 2315 1608 2384 appellet
1631 2354 1650 2378 ,

85 2439 240 2491 quam
271 2423 323 2476 ἃ
340 2426 534 2488 Justitiae
553 2425 773 2477 sororem
797 2423 915 2476 dixit
940 2423 1212 2486 HoratiuS,
1236 2423 1287 2477 <Sc
1310 2425 1553 2478 Platonici
1570 2427 1648 2479 sae.

87 2532 148 2600 pe
175 2536 407 2599 justitiam
439 2550 620 2589 vocare
654 2534 762 2588 sunt
794 2534 916 2590 soliti
955 2533 1274 2594 fidelitatem,
1309 2545 1366 2587 ut
1386 2551 1445 2591 ex
1465 2532 1647 2613 Graeco

88 2642 325 2712 Apulejus
352 2644 593 2699 transtulit
613 2680 630 2704 ,
677 2649 749 2698 uti
769 2649 907 2699 enim
941 2649 991 2697 in
1014 2644 1194 2716 justitia
1219 2649 1390 2700 omnis
1419 2661 1649 2715 compre·

866 2748 926 2825 >C
1124 2815 1128 2821 .
1250 2822 1254 2826 ,
1519 2751 1651 2824 hen*

279 2861 307 2927 <
325 2875 353 2912 a
371 2861 399 2926 )
429 2865 574 2932 Laegqur.
600 2859 677 2916 lib.
696 2880 742 2926 3.
