1992 3319
394 263 455 324 56

314 377 364 419 te
389 387 398 419 :
443 377 616 435 agente
637 365 774 432 Rege
794 363 896 431 ipso
924 380 1106 416 omnes
1127 377 1280 433 agunt
1306 403 1320 423 ‚
1357 364 1484 418 dum
1513 369 1608 435 ipse
1630 366 1791 418 vibrat
1806 367 1913 435 glass'

318 476 461 528 dium
484 514 499 534 ‚
535 476 719 527 nullius
752 493 936 528 manus
969 478 1127 528 otiosa
1151 515 1165 534 ‚
1200 477 1278 527 vel
1318 482 1520 529 inermis
1543 479 1619 528 est.
1694 478 1794 528 Pro
1821 494 1904 528 ne-

319 594 536 645 ceffitate
557 594 662 644 Rex
701 597 944 644 omnium
976 589 1210 642 officium
1241 591 1419 659 implet
1444 629 1459 649 ,
1490 591 1656 643 modi>
1686 593 1903 658 Impera-

318 716 399 753 tor
423 738 439 758 ,
474 717 600 751 mox
628 698 889 750 Praefeelus
923 736 938 757 ‚
982 711 1100 749 tum
1144 697 1305 749 miles.
1381 700 1582 750 Omnes
1609 713 1816 751 econtra
1850 704 1904 750 in

318 814 466 860 unius
496 811 643 877 Regis
674 808 914 865 salutem,
963 806 1015 859 ὃς
1045 807 1260 876 gloriam
1297 785 1611 876 conspira'fit,
1640 827 1748 878 quo
1767 810 1903 861 salvo

319 925 361 975 se
391 928 518 975 vinci
549 928 627 974 vix
654 922 790 990 poss‘e
828 920 1127 971 arbitrantur
1152 937 1167 981 3
1204 931 1349 970 tanta
1385 923 1503 970 inest
1537 921 1717 972 fiducia
1743 939 1906 972 exem·

318 1038 411 1107 plis
437 1042 673 1103 Regum,
712 1051 822 1102 quae
862 1033 983 1101 saepe
1021 1032 1262 1102 languet,
1306 1034 1395 1085 ¹ubi
1437 1040 1614 1087 vicaria
1658 1038 1906 1104 potestate

318 1161 581 1220 pugnatur„
657 1146 782 1198 Haec
807 1144 866 1195 de
890 1145 1112 1212 Regibus
1135 1183 1150 1204 ‚
1186 1144 1239 1197 ὃ(
1272 1164 1452 1198 eorum
1470 1153 1523 1198 in
1543 1149 1676 1199 bello
1701 1153 1904 1219 praesen-

319 1271 421 1317 tia:
461 1280 596 1315 nune
614 1262 886 1313 dicendum
909 1262 968 1312 de
986 1261 1077 1311 illis
1107 1263 1252 1312 restat
1275 1300 1290 1317 ,
1324 1280 1435 1330 quae
1466 1263 1723 1317 decretum
1748 1272 1800 1318 in
1829 1284 1905 1319 ca-

319 1382 412 1432 stra
434 1380 580 1446 Regis
605 1375 806 1427 abitum
827 1372 1109 1442 praeeedant
1125 1409 1140 1429 ‚
1178 1372 1211 1421 fi
1233 1369 1346 1419 felix
1375 1368 1489 1419 inde
1508 1369 1770 1435 sperandus
1786 1370 1905 1421 redi-

319 1503 400 1541 tus
425 1526 439 1546 ‚
476 1489 506 1537 si
528 1485 696 1554 gloriae
727 1482 854 1533 illius
879 1483 980 1551 spes
1001 1519 1015 1539 ,
1065 1477 1164 1550 qua
1190 1478 1252 1530 ad
1277 1478 1472 1529 labores
1495 1517 1509 1537 ,
1546 1495 1604 1530 ac
1631 1485 1683 1531 in
1705 1483 1801 1549 ipsa
1824 1500 1906 1551 pe-

319 1603 471 1657 ricula
492 1602 771 1654 abducitur.

505 1714 726 1781 Antiqua
747 1708 1046 1761 bellantium
1095 1707 1261 1776 regula
1297 1708 1365 1759 est
1411 1745 1426 1766 ‚
1492 1724 1603 1760 non
1665 1710 1753 1759 esse
1805 1724 1909 1760 ten-

321 1827 475 1883 tanda
491 1863 505 1883 ,
543 1841 653 1893 quae
672 1821 771 1873 fieri
790 1835 898 1870 non
919 1817 1123 1885 possunt
1144 1857 1158 1877 ,
1198 1830 1285 1868 aut
1301 1835 1409 1867 non
1431 1817 1613 1869 debent
1636 1838 1650 1869 ς
1688 1819 1827 1878 &Ait
1839 1825 1910 1871 ait

323 1939 572 1992 Sallustius
601 1953 612 1984 :
648 1948 807 1985 omne
824 1930 1022 1980 ‘bellum
1041 1928 1264 1979 inchoari
1288 1928 1429 1980 facile
1454 1969 1469 1993 ,
1505 1934 1741 1984 caeterilm
1762 1951 1908 2002 aeger-

325 2052 450 2104 rime
476 2049 685 2100 desinere
701 2065 715 2108 ;
752 2050 916 2096 necin
944 2043 1171 2108 ejusdem
1202 2046 1444 2113 potestate
1468 2045 1558 2095 effe
1574 2050 1774 2096 initium
1800 2084 1816 2103 ‚
1858 2046 1911 2099 ὃς

328 2160 501 2212 finem.
575 2155 693 2207 Inde
706 2155 835 2206 olim
859 2154 1050 2205 bellurn
1069 2155 1352 2223 suscepturis
1380 2161 1553 2223 potior
1573 2173 1694 2207 cura
1713 2156 1809 2208 fuit
1832 2159 1908 2209 eli-

325 2267 473 2339 gendi
505 2274 636 2320 viros
662 2267 723 2318 ad
758 2265 1120 2316 consulendum
1142 2267 1378 2334 sapie-ntes
1402 2304 1416 2324 ‚
1454 2266 1610 2335 quam
1639 2264 1808 2316 Duces
1847 2264 1910 2315 ad

326 2380 661 2455 pugnandum
686 2382 935 2442 strenuos:
964 2381 1260 2449 plerumque
1286 2386 1423 2432 enim
1447 2400 1501 2433 ea
1523 2419 1538 2439 ‚
1575 2400 1685 2450 qua:
1711 2385 1912 2434 summa

327 2502 519 2552 ratione
546 2534 560 2553 ‚
599 2495 903 2563 consilibque
945 2498 1052 2548 aeta
1092 2498 1201 2547 sunt
1229 2539 1243 2561 ‚
1291 2495 1495 2549 fortuna
1542 2500 1637 2567 ipsa
1685 2500 1912 2567 sequitur,

329 2608 489 2679 de
512 2610 542 2658 si
570 2609 649 2660 illa
671 2625 904 2680 agentem
927 2615 1152 2667 destituat
1176 2655 1189 2674 2
1237 2617 1361 2670 boni
1398 2622 1779 2674 tamenconfilii
1814 2620 1914 2685 fra-

1731 2737 1838 2787 {ltus
