1992 3319
301 307 309 312 ,
359 268 459 316 388

289 371 356 420 est
389 374 440 438 iu
473 365 606 419 Sole.
668 363 888 416 Pessime
909 360 1173 414 consulunt
1202 361 1358 429 Regi,
1393 365 1478 430 qui
1502 360 1544 412 se
1564 353 1782 413 invicem
1803 359 1882 412 vei

288 482 433 533 unice
454 481 743 548 respiciunt,
774 477 855 529 vel
878 475 1170 544 suspe&ant,
1199 486 1291 526 -aut
1304 474 1576 542 despiciunt
1601 473 1745 537 ahoe,
1765 486 1882 526 tum

293 612 351 647 ex
377 590 650 649 diffidentia
669 591 916 660 praesentis
952 588 1202 645 fortunae,
1229 589 1310 640 vel
1331 589 1510 641 futurae
1532 596 1672 642 anxii.
1751 592 1882 643 Rara

293 711 416 765 unio
432 713 556 758 inter
578 706 823 770 aemulos;
844 702 981 753 nulla
995 702 1255 753 aemulatio
1274 708 1398 754 inter
1424 706 1573 757 Astra.
1648 704 1734 757 Sol
1758 718 1884 757 unus

298 824 438 876 idern
459 821 708 879 omnibus
726 820 822 881 est,
849 817 1094 870 omnibus
1117 819 1157 868 se
1184 825 1537 872 communicat
1559 822 1710 895 pleno
1742 821 1885 880 orbe,

291 954 395 1010 ‘nee
428 937 879 1010 ”communicando
911 941 1184 1000 minuitur,
1207 953 1302 1015 nec
1331 936 1510 994 deficit.
1585 938 1784 989 Omnes
1811 936 1888 989 de-

299 1052 518 1122 pendent
539 1051 566 1102 a
593 1050 733 1112 Sole,
762 1051 790 1101 a
810 1049 958 1101 nullis
979 1049 1085 1100 Sol.
1155 1048 1368 1117 AEquale
1395 1048 1771 1108 monstrumest
1783 1046 1889 1098 Rex

299 1140 580 1232 depeudens
598 1162 1159 1221 asubdito‚&subditus
1176 1163 1513 1233 independens
1541 1164 1734 1232 aRege.
1805 1163 1892 1214 Sem

301 1276 358 1328 lis
384 1248 514 1338 xssices
535 1287 691 1344 agunt
707 1274 953 1337 Planetae3
977 1292 1073 1327 nec
1091 1279 1271 1326 omnia
1284 1279 1485 1342 negotia
1504 1272 1633 1323 solus
1649 1269 1755 1322 Rex
1766 1307 1781 1331 v,
1813 1262 1892 1317 sed

300 1372 358 1434 ut
377 1381 466 1433 Sol
490 1382 748 1441 planetas,
781 1388 848 1435 ita
872 1385 983 1439 suos
1010 1382 1118 1434 Rex
1135 1386 1287 1450 regit,
1321 1399 1430 1433 non
1452 1385 1652 1449 regitur.
1699 1378 1895 1429 ⁴Prima

304 1485 369 1534 est
400 1490 556 1552 pietas
573 1527 585 1548 ‚
613 1504 724 1555 quae
742 1487 873 1540 hanc
895 1490 1262 1545 *authoritatem
1289 1493 1522 1555 conciliat
1545 1489 1783 1559 Regibus.
1844 1484 1897 1537 Il-

302 1597 399 1647 lius
422 1602 564 1649 enim
607 1599 845 1670 Principis
880 1604 1184 1672 magnitudo
1228 1604 1436 1661 stabilia,
1461 1600 1770 1668 fundataque
1794 1595 1859 1647 est
1883 1636 1897 1658 ,

308 1729 465 1781 quem
489 1729 672 1764 omnes
696 1726 807 1765 tam
831 1716 973 1783 supra
994 1716 1036 1767 se
1058 1717 1172 1780 effe,
1195 1718 1352 1785 quam
1372 1732 1464 1784 pro
1492 1716 1534 1765 se
1551 1715 1730 1770 sciunt,
1758 1710 1895 1773 eujus

311 1820 744 1887 auremexcubare
756 1837 849 1888 pro
870 1819 1018 1872 salute
1035 1821 1342 1891 singulorum
1355 1858 1369 1879 ,
1389 1833 1537 1889 atque
1554 1819 1901 1870 universorum

310 1935 640 1998 experiuntur.
737 1933 863 2003 Quo
896 1934 1198 2001 procedente
1222 1971 1237 1994 ‚
1274 1949 1398 1990 non,
1417 1932 1902 2001 tanquam-malum

312 2039 545 2108 aliquod,
569 2055 656 2094 aut
689 2051 906 2097 noxium
939 2043 1129 2098 animal
1150 2044 1175 2093 ὲ
1199 2041 1350 2092 cubili
1374 2040 1679 2109 prosiluerit,
1715 2039 1901 2109 diffugi7

313 2168 406 2206 unt
425 2145 448 2218 ,'
469 2155 544 2206 sed
560 2168 807 2224 tanquam
834 2151 898 2204 ad
928 2152 1124 2206 clarum
1143 2196 1157 2217 ,
1178 2124 1246 2205 ἱὃ(
1270 2153 1555 2205 beneficum
1581 2151 1720 2222 sydus
1754 2165 1900 2203 certa-

314 2271 411 2317 tim
434 2266 675 2317 advolant
695 2300 709 2322 ‚
744 2263 957 2325 objicere
988 2264 1029 2314 se
1059 2282 1152 2332 pro
1181 2264 1265 2314 illo
1289 2261 1619 2314 mucronibus
1644 2258 1901 2311 insidianti-

317 2393 409 2429 um
426 2377 715 2444 paratiffimi
729 2414 742 2438 ‚
771 2374 1129 2427 &substernere
1144 2390 1358 2442 corpora
1382 2374 1461 2424 sua
1479 2411 1491 2435 ‚
1524 2375 1555 2424 ss
1582 2389 1666 2440 per
1685 2372 1898 2439 stragem

318 2491 384 2541 illi
404 2491 689 2541 humanam
704 2494 791 2538 iter
805 2485 864 2537 ad
886 2485 1092 2537 salutem
1114 2485 1432 2536 sternendum
1455 2487 1520 2536 fit.
1590 2486 1781 2552 Magna
1795 2483 1901 2544 haee

321 2606 386 2655 est
411 2604 685 2656 authoritas
711 2604 912 2671 Regum
933 2636 946 2653 0
986 2617 1236 2669 magnum
1266 2617 1322 2650 ex
1355 2597 1656 2650 authoritate
1681 2595 1899 2663 Regibus

1711 2720 1829 2774 prae-
