<?xml version="1.0" encoding="UTF-8"?>
<!DOCTYPE html PUBLIC "-//W3C//DTD XHTML 1.0 Transitional//EN"
    "http://www.w3.org/TR/xhtml1/DTD/xhtml1-transitional.dtd">
<html xmlns="http://www.w3.org/1999/xhtml" xml:lang="en" lang="en">
 <head>
  <title>
</title>
<meta http-equiv="Content-Type" content="text/html;charset=utf-8" />
  <meta name='ocr-system' content='tesseract 3.04.00' />
  <meta name='ocr-capabilities' content='ocr_page ocr_carea ocr_par ocr_line ocrx_word'/>
</head>
<body>
  <div class='ocr_page' id='page_1' title='image "annuspoliticuspe00wilh_0129.png"; bbox 0 0 1992 3319; ppageno 0'>
   <div class='ocr_carea' id='block_1_1' title="bbox 1496 297 1584 331">
    <p class='ocr_par' dir='ltr' id='par_1_1' title="bbox 1496 297 1584 331">
     <span class='ocr_line' id='line_1_1' title="bbox 1496 297 1584 331; baseline 0 -1"><span class='ocrx_word' id='word_1_1' title='bbox 1496 297 1584 331; x_wconf 82' lang='lat'>101</span> 
     </span>
    </p>
   </div>
   <div class='ocr_carea' id='block_1_2' title="bbox 79 380 1665 1345">
    <p class='ocr_par' dir='ltr' id='par_1_2' title="bbox 79 380 1665 1345">
     <span class='ocr_line' id='line_1_2' title="bbox 84 380 1665 450; baseline 0.006 -16"><span class='ocrx_word' id='word_1_2' title='bbox 84 381 389 450; x_wconf 69' lang='lat' dir='ltr'>solidamque</span> <span class='ocrx_word' id='word_1_3' title='bbox 409 380 697 433; x_wconf 84' lang='lat' dir='ltr'>felicitatem</span> <span class='ocrx_word' id='word_1_4' title='bbox 722 380 838 433; x_wconf 87' lang='lat' dir='ltr'>dare</span> <span class='ocrx_word' id='word_1_5' title='bbox 861 383 997 450; x_wconf 80' lang='lat' dir='ltr'>posse</span> <span class='ocrx_word' id='word_1_6' title='bbox 1028 383 1326 439; x_wconf 87' lang='lat' dir='ltr'>viderentur.</span> <span class='ocrx_word' id='word_1_7' title='bbox 1395 388 1665 444; x_wconf 81' lang='lat' dir='ltr'>Salomoni</span> 
     </span>
     <span class='ocr_line' id='line_1_3' title="bbox 83 498 1665 572; baseline 0.005 -21"><span class='ocrx_word' id='word_1_8' title='bbox 83 498 431 569; x_wconf 81' lang='lat' dir='ltr'>potentiffimo</span> <span class='ocrx_word' id='word_1_9' title='bbox 452 511 630 566; x_wconf 88' lang='lat' dir='ltr'>pacata</span> <span class='ocrx_word' id='word_1_10' title='bbox 655 504 833 550; x_wconf 85' lang='lat' dir='ltr'>omnia</span> <span class='ocrx_word' id='word_1_11' title='bbox 851 536 868 557; x_wconf 85' lang='lat'>‚</span> <span class='ocrx_word' id='word_1_12' title='bbox 909 500 1048 568; x_wconf 69' lang='lat' dir='ltr'>aeque</span> <span class='ocrx_word' id='word_1_13' title='bbox 1071 503 1300 569; x_wconf 85' lang='lat' dir='ltr'>prospera</span> <span class='ocrx_word' id='word_1_14' title='bbox 1327 542 1343 560; x_wconf 85' lang='lat'><em>,</em></span> <span class='ocrx_word' id='word_1_15' title='bbox 1382 506 1540 572; x_wconf 77' lang='lat' dir='ltr'>quam</span> <span class='ocrx_word' id='word_1_16' title='bbox 1565 509 1665 559; x_wconf 90' lang='lat' dir='ltr'>diu-</span> 
     </span>
     <span class='ocr_line' id='line_1_4' title="bbox 80 607 1662 677; baseline 0.003 -15"><span class='ocrx_word' id='word_1_17' title='bbox 80 623 242 662; x_wconf 86' lang='lat' dir='ltr'>turna.</span> <span class='ocrx_word' id='word_1_18' title='bbox 314 608 528 661; x_wconf 86' lang='lat' dir='ltr'>Poffedit</span> <span class='ocrx_word' id='word_1_19' title='bbox 550 612 710 660; x_wconf 64' lang='lat' dir='ltr'>servos</span> <span class='ocrx_word' id='word_1_20' title='bbox 729 646 744 666; x_wconf 87' lang='lat'>‚</span> <span class='ocrx_word' id='word_1_21' title='bbox 777 607 829 660; x_wconf 68' lang='grc' dir='ltr'>ὃς</span> <span class='ocrx_word' id='word_1_22' title='bbox 857 608 1059 660; x_wconf 77' lang='lat' dir='ltr'>ancillas</span> <span class='ocrx_word' id='word_1_23' title='bbox 1081 647 1098 667; x_wconf 84' lang='lat'>,</span> <span class='ocrx_word' id='word_1_24' title='bbox 1127 610 1348 663; x_wconf 87' lang='lat' dir='ltr'>multam</span> <span class='ocrx_word' id='word_1_25' title='bbox 1374 611 1621 666; x_wconf 86' lang='lat' dir='ltr'>familiam</span> <span class='ocrx_word' id='word_1_26' title='bbox 1647 653 1662 677; x_wconf 87' lang='lat'>,</span> 
     </span>
     <span class='ocr_line' id='line_1_5' title="bbox 81 721 1662 791; baseline 0.003 -18"><span class='ocrx_word' id='word_1_27' title='bbox 81 733 305 774; x_wconf 86' lang='lat' dir='ltr'>armenta</span> <span class='ocrx_word' id='word_1_28' title='bbox 329 739 562 791; x_wconf 84' lang='lat' dir='ltr'>quoque,</span> <span class='ocrx_word' id='word_1_29' title='bbox 581 721 868 790; x_wconf 81' lang='lat' dir='ltr'>&amp;magnos</span> <span class='ocrx_word' id='word_1_30' title='bbox 896 726 1081 773; x_wconf 85' lang='lat' dir='ltr'>ovium</span> <span class='ocrx_word' id='word_1_31' title='bbox 1105 740 1299 790; x_wconf 80' lang='lat' dir='ltr'>gregeS,</span> <span class='ocrx_word' id='word_1_32' title='bbox 1333 736 1586 782; x_wconf 80' lang='lat' dir='ltr'>cantores,</span> <span class='ocrx_word' id='word_1_33' title='bbox 1611 726 1662 778; x_wconf 70' lang='grc' dir='ltr'>ὃ(</span> 
     </span>
     <span class='ocr_line' id='line_1_6' title="bbox 80 836 1662 893; baseline 0.001 -7"><span class='ocrx_word' id='word_1_34' title='bbox 80 841 397 893; x_wconf 81' lang='lat' dir='ltr'>cantatrices,</span> <span class='ocrx_word' id='word_1_35' title='bbox 420 853 478 888; x_wconf 89' lang='lat' dir='ltr'>ac</span> <span class='ocrx_word' id='word_1_36' title='bbox 491 854 673 889; x_wconf 79' lang='lat' dir='ltr'>omnes</span> <span class='ocrx_word' id='word_1_37' title='bbox 697 837 894 889; x_wconf 79' lang='lat' dir='ltr'>delicias</span> <span class='ocrx_word' id='word_1_38' title='bbox 919 837 1140 888; x_wconf 87' lang='lat' dir='ltr'>filiorum</span> <span class='ocrx_word' id='word_1_39' title='bbox 1158 836 1450 888; x_wconf 85' lang='lat' dir='ltr'>hominum.</span> <span class='ocrx_word' id='word_1_40' title='bbox 1525 838 1662 890; x_wconf 89' lang='lat' dir='ltr'>Nihil</span> 
     </span>
     <span class='ocr_line' id='line_1_7' title="bbox 82 948 1658 1018; baseline 0.003 -23"><span class='ocrx_word' id='word_1_41' title='bbox 82 963 262 997; x_wconf 89' lang='lat' dir='ltr'>eorum</span> <span class='ocrx_word' id='word_1_42' title='bbox 279 960 522 1015; x_wconf 86' lang='lat' dir='ltr'>negatum</span> <span class='ocrx_word' id='word_1_43' title='bbox 542 948 700 999; x_wconf 85' lang='lat' dir='ltr'>oculis</span> <span class='ocrx_word' id='word_1_44' title='bbox 721 986 738 1007; x_wconf 89' lang='lat'>‚</span> <span class='ocrx_word' id='word_1_45' title='bbox 773 967 883 1018; x_wconf 85' lang='lat' dir='ltr'>quae</span> <span class='ocrx_word' id='word_1_46' title='bbox 902 949 1315 1007; x_wconf 82' lang='lat' dir='ltr'>desideraverunt,</span> <span class='ocrx_word' id='word_1_47' title='bbox 1352 950 1473 1000; x_wconf 88' lang='lat' dir='ltr'>nihil</span> <span class='ocrx_word' id='word_1_48' title='bbox 1492 951 1658 1009; x_wconf 84' lang='lat' dir='ltr'>cordi,</span> 
     </span>
     <span class='ocr_line' id='line_1_8' title="bbox 79 1056 1659 1131; baseline 0.007 -29"><span class='ocrx_word' id='word_1_49' title='bbox 79 1057 200 1121; x_wconf 91' lang='lat' dir='ltr'>quin</span> <span class='ocrx_word' id='word_1_50' title='bbox 222 1059 366 1105; x_wconf 88' lang='lat' dir='ltr'>omni</span> <span class='ocrx_word' id='word_1_51' title='bbox 384 1056 645 1124; x_wconf 87' lang='lat' dir='ltr'>voluptate</span> <span class='ocrx_word' id='word_1_52' title='bbox 668 1057 937 1121; x_wconf 85' lang='lat' dir='ltr'>frueretur3</span> <span class='ocrx_word' id='word_1_53' title='bbox 975 1059 1083 1112; x_wconf 82' lang='lat' dir='ltr'>haec</span> <span class='ocrx_word' id='word_1_54' title='bbox 1110 1066 1286 1112; x_wconf 90' lang='lat' dir='ltr'>omnia</span> <span class='ocrx_word' id='word_1_55' title='bbox 1306 1075 1478 1113; x_wconf 83' lang='lat' dir='ltr'>tamen</span> <span class='ocrx_word' id='word_1_56' title='bbox 1506 1080 1659 1131; x_wconf 86' lang='lat' dir='ltr'>quan-</span> 
     </span>
     <span class='ocr_line' id='line_1_9' title="bbox 80 1167 1656 1244; baseline 0.008 -31"><span class='ocrx_word' id='word_1_57' title='bbox 80 1169 268 1214; x_wconf 79' lang='lat' dir='ltr'>tumvis</span> <span class='ocrx_word' id='word_1_58' title='bbox 294 1182 477 1233; x_wconf 82' lang='lat' dir='ltr'>magna</span> <span class='ocrx_word' id='word_1_59' title='bbox 504 1203 518 1223; x_wconf 93' lang='lat'><strong>‚</strong></span> <span class='ocrx_word' id='word_1_60' title='bbox 561 1167 684 1217; x_wconf 87' lang='lat' dir='ltr'>nulli</span> <span class='ocrx_word' id='word_1_61' title='bbox 714 1169 917 1238; x_wconf 85' lang='lat' dir='ltr'>Regum</span> <span class='ocrx_word' id='word_1_62' title='bbox 939 1172 1015 1222; x_wconf 91' lang='lat' dir='ltr'>vel</span> <span class='ocrx_word' id='word_1_63' title='bbox 1040 1177 1242 1240; x_wconf 83' lang='lat' dir='ltr'>cognita</span> <span class='ocrx_word' id='word_1_64' title='bbox 1265 1174 1425 1241; x_wconf 63' lang='lat' dir='ltr'>priua,</span> <span class='ocrx_word' id='word_1_65' title='bbox 1451 1175 1528 1225; x_wconf 88' lang='lat' dir='ltr'>vel</span> <span class='ocrx_word' id='word_1_66' title='bbox 1561 1177 1656 1244; x_wconf 85' lang='lat' dir='ltr'>spe-</span> 
     </span>
     <span class='ocr_line' id='line_1_10' title="bbox 80 1273 1658 1345; baseline 0.003 -21"><span class='ocrx_word' id='word_1_67' title='bbox 80 1273 231 1324; x_wconf 86' lang='lat' dir='ltr'>randa</span> <span class='ocrx_word' id='word_1_68' title='bbox 260 1273 486 1342; x_wconf 83' lang='lat' dir='ltr'><strong>deinceps</strong></span> <span class='ocrx_word' id='word_1_69' title='bbox 509 1276 727 1343; x_wconf 80' lang='lat' dir='ltr'>sprevit,</span> <span class='ocrx_word' id='word_1_70' title='bbox 759 1275 1021 1327; x_wconf 85' lang='lat' dir='ltr'>damnavit</span> <span class='ocrx_word' id='word_1_71' title='bbox 1050 1276 1107 1326; x_wconf 75' lang='lat' dir='ltr'>ut</span> <span class='ocrx_word' id='word_1_72' title='bbox 1134 1294 1281 1334; x_wconf 81' lang='lat' dir='ltr'>vana.</span> <span class='ocrx_word' id='word_1_73' title='bbox 1354 1278 1532 1328; x_wconf 90' lang='lat' dir='ltr'>Unum</span> <span class='ocrx_word' id='word_1_74' title='bbox 1558 1296 1658 1345; x_wconf 84' lang='lat' dir='ltr'>prae</span> 
     </span>
    </p>
   </div>
   <div class='ocr_carea' id='block_1_3' title="bbox 80 1384 1659 1452">
    <p class='ocr_par' dir='ltr' id='par_1_3' title="bbox 80 1384 1659 1452">
     <span class='ocr_line' id='line_1_11' title="bbox 80 1384 1659 1452; baseline -0.001 -15"><span class='ocrx_word' id='word_1_75' title='bbox 80 1385 322 1438; x_wconf 82' lang='lat' dir='ltr'>omnibus</span> <span class='ocrx_word' id='word_1_76' title='bbox 367 1384 554 1452; x_wconf 78' lang='lat' dir='ltr'>placuit</span> <span class='ocrx_word' id='word_1_77' title='bbox 587 1384 889 1441; x_wconf 86' lang='lat' dir='ltr'>Salomoni,</span> <span class='ocrx_word' id='word_1_78' title='bbox 929 1401 1094 1434; x_wconf 88' lang='lat' dir='ltr'>unum</span> <span class='ocrx_word' id='word_1_79' title='bbox 1124 1388 1390 1434; x_wconf 84' lang='lat' dir='ltr'>interiturae</span> <span class='ocrx_word' id='word_1_80' title='bbox 1433 1388 1659 1437; x_wconf 84' lang='lat' dir='ltr'>vanitatis</span> 
     </span>
    </p>
   </div>
   <div class='ocr_carea' id='block_1_4' title="bbox 78 1499 1653 1572">
    <p class='ocr_par' dir='ltr' id='par_1_4' title="bbox 78 1499 1653 1572">
     <span class='ocr_line' id='line_1_12' title="bbox 78 1499 1653 1572; baseline -0.001 -19"><span class='ocrx_word' id='word_1_81' title='bbox 78 1505 209 1572; x_wconf 85' lang='lat' dir='ltr'>quasi</span> <span class='ocrx_word' id='word_1_82' title='bbox 231 1519 427 1569; x_wconf 78' lang='lat' dir='ltr'>exper5‚</span> <span class='ocrx_word' id='word_1_83' title='bbox 450 1500 500 1552; x_wconf 71' lang='grc' dir='ltr'>ἃ</span> <span class='ocrx_word' id='word_1_84' title='bbox 524 1502 710 1568; x_wconf 84' lang='lat' dir='ltr'><strong>semper</strong></span> <span class='ocrx_word' id='word_1_85' title='bbox 731 1499 950 1551; x_wconf 85' lang='lat' dir='ltr'>durabile</span> <span class='ocrx_word' id='word_1_86' title='bbox 969 1502 1051 1552; x_wconf 84' lang='lat' dir='ltr'>sibi</span> <span class='ocrx_word' id='word_1_87' title='bbox 1073 1503 1231 1552; x_wconf 84' lang='lat' dir='ltr'>visum</span> <span class='ocrx_word' id='word_1_88' title='bbox 1252 1503 1653 1554; x_wconf 84' lang='lat' dir='ltr'>commendavit:</span> 
     </span>
    </p>
   </div>
   <div class='ocr_carea' id='block_1_5' title="bbox 64 1612 1655 1971">
    <p class='ocr_par' dir='ltr' id='par_1_5' title="bbox 64 1612 1655 1971">
     <span class='ocr_line' id='line_1_13' title="bbox 78 1612 1655 1703; baseline -0.002 -22"><span class='ocrx_word' id='word_1_89' title='bbox 78 1617 301 1682; x_wconf 68' lang='lat' dir='ltr'>Curam</span> <span class='ocrx_word' id='word_1_90' title='bbox 322 1615 478 1680; x_wconf 73' lang='lat' dir='ltr'>habe</span> <span class='ocrx_word' id='word_1_91' title='bbox 502 1616 577 1678; x_wconf 83' lang='lat' dir='ltr'>de</span> <span class='ocrx_word' id='word_1_92' title='bbox 608 1614 757 1679; x_wconf 79' lang='lat' dir='ltr'><em>bono</em></span> <span class='ocrx_word' id='word_1_93' title='bbox 791 1619 1028 1678; x_wconf 74' lang='lat' dir='ltr'>nomine</span> <span class='ocrx_word' id='word_1_94' title='bbox 1056 1641 1071 1690; x_wconf 72' lang='lat'>3</span> <span class='ocrx_word' id='word_1_95' title='bbox 1131 1612 1236 1678; x_wconf 72' lang='lat' dir='ltr'>hoc</span> <span class='ocrx_word' id='word_1_96' title='bbox 1270 1619 1431 1677; x_wconf 76' lang='lat' dir='ltr'>enim</span> <span class='ocrx_word' id='word_1_97' title='bbox 1462 1620 1655 1703; x_wconf 72' lang='lat' dir='ltr'>magis</span> 
     </span>
     <span class='ocr_line' id='line_1_14' title="bbox 64 1746 1649 1842; baseline -0.003 -24"><span class='ocrx_word' id='word_1_98' title='bbox 64 1749 443 1840; x_wconf 73' lang='lat' dir='ltr'>permanebit</span> <span class='ocrx_word' id='word_1_99' title='bbox 467 1749 589 1813; x_wconf 71' lang='lat' dir='ltr'>tibi</span> <span class='ocrx_word' id='word_1_100' title='bbox 600 1799 617 1826; x_wconf 72' lang='grc'>,</span> <span class='ocrx_word' id='word_1_101' title='bbox 652 1751 843 1835; x_wconf 58' lang='lat' dir='ltr'>qusint</span> <span class='ocrx_word' id='word_1_102' title='bbox 876 1746 1039 1812; x_wconf 79' lang='lat' dir='ltr'>mille</span> <span class='ocrx_word' id='word_1_103' title='bbox 1076 1748 1348 1835; x_wconf 58' lang='lat' dir='ltr'>thesizmv&#39;</span> <span class='ocrx_word' id='word_1_104' title='bbox 1362 1753 1621 1842; x_wconf 72' lang='lat' dir='ltr'>pretiqsi</span> <span class='ocrx_word' id='word_1_105' title='bbox 1630 1798 1649 1826; x_wconf 91' lang='lat'>‚</span> 
     </span>
     <span class='ocr_line' id='line_1_15' title="bbox 75 1883 1654 1971; baseline -0.001 -21"><span class='ocrx_word' id='word_1_106' title='bbox 75 1903 135 1950; x_wconf 82' lang='lat' dir='ltr'>et</span> <span class='ocrx_word' id='word_1_107' title='bbox 168 1889 385 1971; x_wconf 78' lang='lat' dir='ltr'>magni.</span> <span class='ocrx_word' id='word_1_108' title='bbox 476 1883 670 1947; x_wconf 65' lang='lat' dir='ltr'>Bonae</span> <span class='ocrx_word' id='word_1_109' title='bbox 698 1887 847 1946; x_wconf 81' lang='lat' dir='ltr'>vitae</span> <span class='ocrx_word' id='word_1_110' title='bbox 884 1905 1170 1947; x_wconf 75' lang='lat' dir='ltr'>numerus</span> <span class='ocrx_word' id='word_1_111' title='bbox 1207 1886 1445 1949; x_wconf 66' lang='lat' dir='ltr'>dierum</span> <span class='ocrx_word' id='word_1_112' title='bbox 1476 1913 1499 1964; x_wconf 88' lang='lat'>‚·</span> <span class='ocrx_word' id='word_1_113' title='bbox 1558 1891 1654 1955; x_wconf 74' lang='lat' dir='ltr'>bo-</span> 
     </span>
    </p>
   </div>
   <div class='ocr_carea' id='block_1_6' title="bbox 1 2007 1654 2538">
    <p class='ocr_par' dir='ltr' id='par_1_6' title="bbox 1 2007 1654 2538">
     <span class='ocr_line' id='line_1_16' title="bbox 78 2007 1648 2092; baseline -0.006 -15"><span class='ocrx_word' id='word_1_114' title='bbox 78 2035 222 2077; x_wconf 76' lang='lat' dir='ltr'>num</span> <span class='ocrx_word' id='word_1_115' title='bbox 236 2025 436 2074; x_wconf 78' lang='lat' dir='ltr'>autem</span> <span class='ocrx_word' id='word_1_116' title='bbox 460 2030 668 2072; x_wconf 77' lang='lat' dir='ltr'>nomen</span> <span class='ocrx_word' id='word_1_117' title='bbox 684 2007 1071 2092; x_wconf 72' lang='lat' dir='ltr'>permanebit</span> <span class='ocrx_word' id='word_1_118' title='bbox 1094 2013 1162 2070; x_wconf 77' lang='lat' dir='ltr'>in</span> <span class='ocrx_word' id='word_1_119' title='bbox 1193 2025 1502 2079; x_wconf 62' lang='lat' dir='ltr'>aeternum.</span> <span class='ocrx_word' id='word_1_120' title='bbox 1562 2029 1648 2080; x_wconf 82' lang='lat' dir='ltr'>Ni.</span> 
     </span>
     <span class='ocr_line' id='line_1_17' title="bbox 1 2130 1654 2203; baseline -0.003 -15"><span class='ocrx_word' id='word_1_121' title='bbox 1 2168 2 2172; x_wconf 63' lang='lat'><em>=</em></span> <span class='ocrx_word' id='word_1_122' title='bbox 77 2137 147 2188; x_wconf 86' lang='lat' dir='ltr'>hil</span> <span class='ocrx_word' id='word_1_123' title='bbox 163 2132 322 2203; x_wconf 79' lang='lat' dir='ltr'>magis</span> <span class='ocrx_word' id='word_1_124' title='bbox 346 2147 495 2191; x_wconf 82' lang='lat' dir='ltr'>vota,</span> <span class='ocrx_word' id='word_1_125' title='bbox 518 2133 570 2184; x_wconf 72' lang='grc' dir='ltr'>ὃ(</span> <span class='ocrx_word' id='word_1_126' title='bbox 597 2138 797 2182; x_wconf 74' lang='lat' dir='ltr'>animos</span> <span class='ocrx_word' id='word_1_127' title='bbox 817 2130 1114 2180; x_wconf 85' lang='lat' dir='ltr'>mortalium</span> <span class='ocrx_word' id='word_1_128' title='bbox 1135 2141 1385 2196; x_wconf 83' lang='lat' dir='ltr'>occupat,</span> <span class='ocrx_word' id='word_1_129' title='bbox 1415 2132 1574 2199; x_wconf 76' lang='lat' dir='ltr'>quam</span> <span class='ocrx_word' id='word_1_130' title='bbox 1588 2138 1654 2183; x_wconf 78' lang='lat' dir='ltr'>vi-</span> 
     </span>
     <span class='ocr_line' id='line_1_18' title="bbox 76 2245 1648 2316; baseline -0.001 -16"><span class='ocrx_word' id='word_1_131' title='bbox 76 2261 130 2300; x_wconf 88' lang='lat' dir='ltr'>ta</span> <span class='ocrx_word' id='word_1_132' title='bbox 149 2249 387 2315; x_wconf 80' lang='lat' dir='ltr'>longaeva.</span> <span class='ocrx_word' id='word_1_133' title='bbox 463 2245 602 2316; x_wconf 82' lang='lat' dir='ltr'>Qid</span> <span class='ocrx_word' id='word_1_134' title='bbox 625 2258 734 2313; x_wconf 84' lang='lat' dir='ltr'>aget</span> <span class='ocrx_word' id='word_1_135' title='bbox 760 2246 860 2313; x_wconf 82' lang='lat' dir='ltr'><strong>spes</strong></span> <span class='ocrx_word' id='word_1_136' title='bbox 883 2246 1280 2296; x_wconf 80' lang='lat' dir='ltr'>immortalitatis</span> <span class='ocrx_word' id='word_1_137' title='bbox 1303 2249 1325 2294; x_wconf 74' lang='grc' dir='ltr'><em>ἕ</em></span> <span class='ocrx_word' id='word_1_138' title='bbox 1364 2249 1535 2297; x_wconf 79' lang='lat' dir='ltr'>Vivere</span> <span class='ocrx_word' id='word_1_139' title='bbox 1563 2247 1648 2298; x_wconf 87' lang='lat' dir='ltr'>diu</span> 
     </span>
     <span class='ocr_line' id='line_1_19' title="bbox 77 2357 1647 2428; baseline -0.001 -17"><span class='ocrx_word' id='word_1_140' title='bbox 77 2362 286 2416; x_wconf 80' lang='lat' dir='ltr'>laetum,</span> <span class='ocrx_word' id='word_1_141' title='bbox 321 2375 584 2426; x_wconf 86' lang='lat' dir='ltr'>nunquam</span> <span class='ocrx_word' id='word_1_142' title='bbox 619 2363 753 2408; x_wconf 88' lang='lat' dir='ltr'>mori</span> <span class='ocrx_word' id='word_1_143' title='bbox 783 2358 1043 2420; x_wconf 83' lang='lat' dir='ltr'>divinum3</span> <span class='ocrx_word' id='word_1_144' title='bbox 1081 2357 1347 2410; x_wconf 78' lang='lat' dir='ltr'>di‘ffolvitur</span> <span class='ocrx_word' id='word_1_145' title='bbox 1388 2377 1647 2428; x_wconf 80' lang='lat' dir='ltr'>compago</span> 
     </span>
     <span class='ocr_line' id='line_1_20' title="bbox 79 2474 1647 2538; baseline -0.001 -16"><span class='ocrx_word' id='word_1_146' title='bbox 79 2476 301 2538; x_wconf 80' lang='lat' dir='ltr'>corporis</span> <span class='ocrx_word' id='word_1_147' title='bbox 320 2509 335 2528; x_wconf 83' lang='lat'><strong>‚</strong></span> <span class='ocrx_word' id='word_1_148' title='bbox 375 2475 573 2520; x_wconf 78' lang='lat' dir='ltr'>animus</span> <span class='ocrx_word' id='word_1_149' title='bbox 598 2483 778 2520; x_wconf 79' lang='lat' dir='ltr'>aeterna</span> <span class='ocrx_word' id='word_1_150' title='bbox 805 2474 952 2537; x_wconf 88' lang='lat' dir='ltr'>petit,</span> <span class='ocrx_word' id='word_1_151' title='bbox 988 2482 1215 2520; x_wconf 87' lang='lat' dir='ltr'>remanet</span> <span class='ocrx_word' id='word_1_152' title='bbox 1230 2487 1286 2521; x_wconf 82' lang='lat' dir='ltr'>ex</span> <span class='ocrx_word' id='word_1_153' title='bbox 1306 2483 1518 2538; x_wconf 80' lang='lat' dir='ltr'>utroque</span> <span class='ocrx_word' id='word_1_154' title='bbox 1536 2486 1647 2536; x_wconf 82' lang='lat' dir='ltr'>pars</span> 
     </span>
    </p>
   </div>
   <div class='ocr_carea' id='block_1_7' title="bbox 79 2577 1645 2653">
    <p class='ocr_par' dir='ltr' id='par_1_7' title="bbox 79 2577 1645 2653">
     <span class='ocr_line' id='line_1_21' title="bbox 79 2577 1645 2653; baseline -0.004 -17"><span class='ocrx_word' id='word_1_155' title='bbox 79 2586 264 2653; x_wconf 86' lang='lat' dir='ltr'>aliqua,</span> <span class='ocrx_word' id='word_1_156' title='bbox 302 2583 532 2634; x_wconf 75' lang='lat' dir='ltr'>meliores</span> <span class='ocrx_word' id='word_1_157' title='bbox 556 2581 778 2632; x_wconf 85' lang='lat' dir='ltr'>hominis</span> <span class='ocrx_word' id='word_1_158' title='bbox 801 2586 924 2631; x_wconf 88' lang='lat' dir='ltr'>inter</span> <span class='ocrx_word' id='word_1_159' title='bbox 954 2580 1190 2631; x_wconf 77' lang='lat' dir='ltr'>homines</span> <span class='ocrx_word' id='word_1_160' title='bbox 1220 2580 1434 2646; x_wconf 70' lang='lat' dir='ltr'>reliquia:</span> <span class='ocrx_word' id='word_1_161' title='bbox 1456 2613 1469 2632; x_wconf 73' lang='grc'>,</span> <span class='ocrx_word' id='word_1_162' title='bbox 1507 2577 1645 2629; x_wconf 86' lang='lat' dir='ltr'>fama</span> 
     </span>
    </p>
   </div>
   <div class='ocr_carea' id='block_1_8' title="bbox 878 2694 1572 2749">
    <p class='ocr_par' dir='ltr' id='par_1_8' title="bbox 878 2694 1572 2749">
     <span class='ocr_line' id='line_1_22' title="bbox 878 2694 1572 2749; baseline -0.001 -9"><span class='ocrx_word' id='word_1_163' title='bbox 878 2696 925 2749; x_wconf 86' lang='lat' dir='ltr'>C</span> <span class='ocrx_word' id='word_1_164' title='bbox 952 2711 978 2746; x_wconf 89' lang='lat' dir='ltr'>c</span> <span class='ocrx_word' id='word_1_165' title='bbox 1482 2694 1572 2739; x_wconf 71' lang='lat' dir='ltr'>vir·</span> 
     </span>
    </p>
   </div>
  </div>
 </body>
</html>
