1992 3319
1475 324 1568 376 ²59

22 436 24 445 ·
59 416 270 487 spirabat
287 459 304 479 ,
337 417 554 480 Joannes
578 419 794 466 mitioris
813 411 996 470 indolis
1021 413 1198 466 Dianae
1212 415 1546 485 frequentiore
1572 436 1650 471 ve-

59 547 181 588 natu
208 533 526 601 aucupioque
540 573 556 593 ,
583 531 825 582 Minervae
845 529 1234 588 militabat‚non
1250 535 1335 582 nisi
1350 534 1551 600 publica
1570 552 1655 585 nev-

24 669 26 674 ’
64 647 282 699 ceffitate
302 645 365 696 ad
391 646 561 714 sagum
583 656 813 695 vocatus.
882 643 922 693 F
924 641 1153 692 ridericus
1173 653 1309 710 togae
1321 643 1644 710 prudentiam

57 755 230 808 metus
252 753 541 804 industriam
559 750 760 803 tuendae
780 792 792 813 ,
820 749 1159 819 augendaeque
1170 755 1237 800 rei
1258 749 1515 803 familiaris
1544 754 1651 816 jun-

0 879 2 897 ν
57 865 130 913 xit
151 859 310 910 studio
336 865 585 912 continuo
599 860 879 912 cumlaude
897 858 1178 928 imperandi
1201 878 1215 914 ι
1266 859 1398 927 unde
1427 859 1645 912 Pruden-

0 985 4 991 '
26 997 29 1000 ·
60 983 122 1030 tis
148 994 445 1046 cognomen
463 990 572 1031 tam
595 983 719 1030 inter
745 979 857 1029 suos
877 979 1013 1039 tulit,
1037 977 1193 1046 quam
1214 982 1339 1027 inter
1356 989 1547 1027 exteros
1568 976 1650 1028 fa·

2 1112 7 1122 ·
61 1108 233 1154 mam,
264 1093 411 1161 usque
434 1091 563 1143 adeo
590 1135 603 1156 ,
642 1104 699 1143 ut
718 1110 838 1143 eum
861 1092 1076 1143 Carolus
1098 1093 1180 1149 IV,
1203 1094 1482 1159 Imperator
1517 1090 1651 1141 arbi-

0 1174 30 1225 ³7
58 1213 199 1253 trum
221 1200 447 1269 delegerit
470 1212 630 1251 motae
645 1199 740 1250 litis
760 1203 887 1249 inter
912 1197 1184 1259 Caesarem,
1209 1195 1261 1247 &
1282 1202 1412 1249 cives
1438 1198 1648 1254 Ulmen··⁴

0 1300 12 1334 Π
42 1317 127 1367 ‚ses
141 1357 154 1378 ,
176 1329 333 1383 quam
353 1320 508 1366 etiam
528 1333 586 1366 ex
610 1315 756 1366 laude
779 1314 977 1376 Caroli,
999 1331 1062 1364 eo
1075 1314 1247 1366 solatio
1266 1319 1488 1381 partium
1504 1331 1651 1367 com-1

0 1404 5 1435 1

7 1414 12 1421 ⁸
57 1428 221 1495 posuit
240 1469 254 1489 ,
293 1440 350 1478 ut
372 1427 529 1478 Caesar
560 1426 807 1477 Friderico
833 1431 884 1476 in
905 1426 1254 1477 testimonium
1284 1433 1476 1495 accepti
1509 1429 1650 1482 obse.

6 1548 12 1569 ³
62 1545 162 1608 quii
199 1540 473 1591 duodecim
506 1545 770 1592 civitatum
804 1537 1151 1606 praefe&uram
1182 1541 1460 1592 contulerit.
1568 1543 1651 1594 Ille

61 1640 197 1692 idem
220 1644 542 1711 Imperator,
583 1649 667 1714 qui
695 1642 963 1695 Ludovico
991 1645 1074 1701 IV.
1104 1646 1399 1712 Imperatori
1422 1646 1651 1711 infestus,

0 1755 19 1786 10
61 1747 247 1809 filium,
275 1748 636 1816 Nepote'mque
663 1746 799 1797 hunc
822 1747 985 1814 ipsum
1010 1748 1048 1798 F
1051 1747 1316 1800 ridericum
1345 1765 1467 1801 cum
1496 1748 1648 1803 fratri-

0 1866 19 1898 3·
64 1854 158 1907 bus
186 1874 272 1924 per
297 1874 502 1908 auream
528 1858 730 1910 Bullam
754 1858 817 1909 ab
849 1858 1134 1909 Elestoratu
1158 1859 1460 1925 iniquissime
1478 1861 1651 1912 exelu-

1 1981 21 2014 a·
62 1965 136 2018 fit.
207 1962 294 2025 Et,
317 1963 475 2031 nevel
500 1963 712 2026 temere,
738 1964 817 2014 vel
846 1963 1016 2014 minus
1033 1963 1144 2015 vere
1171 1968 1222 2014 in
1249 1963 1350 2015 hoc
1367 1965 1557 2019 Carolo
1580 1973 1650 2021 in·-

0 2097 22 2131 e3
63 2073 357 2132 veteratum}
382 2074 565 2126 odium
593 2079 644 2125 in
665 2076 865 2143 stirpem
892 2073 1165 2136 Ludoviei,
1197 2075 1418 2144 eumque
1442 2077 1527 2129 sibi
1548 2091 1652 2131 tan·

0 2184 40 2241 n?
65 2186 181 2239 tum
206 2228 219 2248 ‚
254 2187 604 2254 nonvaperio
625 2187 910 2238 consuluisse
926 2187 1090 2238 videar
1115 2203 1338 2255 arguere,
1365 2204 1552 2255 nempe
1568 2191 1654 2257 qui

0 2307 24 2358 k>
63 2315 172 2349 non
196 2297 295 2348 alio
308 2334 330 2354 ‚‚
374 2298 532 2364 quam
554 2297 619 2347 sui
646 2296 916 2348 commodi
941 2302 1143 2348 motivo
1171 2296 1399 2348 Friderici
1419 2313 1648 2365 operam,

0 2431 26 2466 ur·
67 2429 125 2463 ac
158 2411 480 2480 prudentiam
509 2413 754 2479 requisivit
773 2450 788 2471 ,
835 2412 1027 2465 dietum
1054 2413 1114 2464 de
1148 2414 1234 2464 illo
1258 2414 1590 2465 Maximiliani
1619 2414 1651 2463 1.

0 2528 26 2577 le·
67 2543 384 2609 Imperatoris
396 2539 729 2608 sapientiffimi
748 2539 829 2591 hie
853 2555 1070 2610 repetere
1084 2543 1227 2597 liceat
1249 2567 1259 2599 :
1286 2529 1654 2616 pqsll‘lentio-

0 2653 29 2691 ⁰⁶³
68 2674 192 2720 mm
215 2654 426 2721 Carolo
441 2653 665 2739 pestem
680 2680 996 2742 nunquam
1009 2661 1174 2728 alifis
1195 2662 1542 2731 Germanice
1558 2665 1653 2731 ol]-

788 2799 835 2854 T
849 2813 869 2852 t
883 2812 903 2852 t
932 2821 955 2852 2
1498 2792 1575 2851 ΐὶ·
