1992 3319
1561 290 1643 341 ²9¹*

106 380 170 432 eo
200 378 360 449 magis
389 389 404 438 3
445 378 586 449 quod
619 395 746 437 mox
780 396 903 434 cum
936 379 1034 437 Dei
1078 379 1304 434 hostibus
1338 383 1696 453 pugnandum}

108 495 248 546 Bello
273 493 443 546 Italico
483 495 701 551 successit
735 495 1043 548 Saxonicum
1069 535 1084 561 ‚
1121 492 1309 564 magn&
1336 500 1567 564 utrinque
1591 504 1694 549 ani-

105 608 337 658 mofitate
357 605 634 674 susceptum
657 643 672 664 ,
710 603 761 656 &
784 623 870 675 per
889 611 1166 658 continu-os
1194 611 1392 675 triginta
1410 619 1506 658 tres
1529 622 1692 659 annos

107 715 434 785 protractum.
508 714 652 768 Adeo
692 731 812 783 gens
860 713 947 763 ista
976 712 1154 768 ferox,
1189 713 1345 765 cultui
1389 712 1693 768 daemonum

107 823 303 881 dedita,
342 825 569 893 veraeque
609 823 856 892 Religioni
891 829 1202 893 pertinaciter
1233 830 1438 876 inimica
1460 864 1475 884 ,
1511 843 1603 877 nec
1628 825 1696 876 di-

107 940 222 986 vina
243 973 258 992 ‚
292 953 385 987 nec
407 934 634 986 humana
656 936 763 999 jura
779 935 1085 1004 respiciebat3
1107 935 1218 986 imo
1235 936 1445 1004 impune
1465 953 1520 987 ea
1539 948 1695 988 trans-

106 1048 241 1116 gredi
271 1086 285 1105 ‚
315 1047 366 1099 ὅ(
389 1048 666 1115 Ρῑοῖετνίὰε
709 1048 895 1098 calcare
918 1046 1192 1098 honestum
1212 1047 1296 1099 fibi
1331 1048 1577 1116 putabat,
1608 1061 1696 1101 aut

110 1165 264 1211 etiam
291 1159 578 1228 gloriosum.
684 1157 905 1228 Qoties
938 1157 1049 1208 vicli
1070 1194 1086 1212 ,
1117 1162 1267 1208 toties
1298 1157 1490 1209 Carolo
1524 1177 1696 1212 recon-

111 1267 258 1318 ciliati
283 1305 296 1325 ,
333 1267 576 1319 ultimum
612 1269 800 1335 semper
843 1268 1119 1319 clementiae
1165 1267 1356 1336 asylum
1393 1265 1610 1320 habuere
1645 1276 1698 1323 in

112 1377 351 1446 promisso
381 1396 505 1429 verae
553 1379 824 1447 Religionis
862 1380 999 1430 cultu
1029 1418 1044 1439 ‚
1094 1398 1251 1451 quem
1282 1381 1393 1431 scire
1419 1376 1571 1432 armis
1603 1377 1696 1433 suls

112 1507 487 1561 propagatum,
545 1495 737 1549 Carolo
774 1496 990 1546 victoriae
1036 1496 1155 1546 loco
1194 1508 1332 1560 erat,
1372 1494 1425 1547 ὃ(
1452 1495 1698 1568 triumphi

111 1601 460 1669 gloriosissimi.
530 1602 798 1670 ExpertUS,
831 1601 966 1653 illudi
986 1604 1397 1673 Magnanimitati
1423 1608 1517 1659 suae
1538 1615 1698 1661 conti-

108 1731 210 1764 nua
251 1712 563 1781 perfidorum
597 1718 972 1780 permutatione
1001 1752 1017 1772 ‚
1073 1718 1273 1769 conciso
1307 1718 1520 1771 demum
1549 1721 1698 1774 Saxo-

111 1841 240 1875 num
256 1822 471 1881 robore,
507 1822 884 1876 daemoniacum
903 1830 954 1876 in
972 1831 1028 1877 iis
1053 1827 1366 1896 Regionibus
1392 1831 1591 1885 cultum
1617 1852 1698 1903 pe-

112 1943 248 1989 nitus
275 1937 498 1999 exscidit,
533 1954 626 1990 nec
670 1940 885 1992 trastum
910 1959 994 2010 per
1047 1955 1129 1995 tot
1164 1962 1328 1997 annos
1373 1945 1565 2003 bellum
1604 1954 1700 2007 alia

114 2050 404 2102 conditione
426 2051 587 2110 desiit,
622 2054 707 2104 nisi
735 2066 792 2104 ut
815 2053 1002 2118 abjecta
1026 2057 1359 2125 superstitione
1379 2098 1394 2118 ,
1432 2078 1489 2113 ac
1508 2063 1698 2119 daemo-

114 2178 245 2212 num
271 2162 434 2220 cultu,
470 2162 743 2234 relifflsque
767 2171 932 2234 patriis
953 2175 1250 2221 ceremoniis
1272 2210 1285 2229 ‚
1324 2173 1614 2231 Christianae
1647 2182 1697 2233 fi-

118 2271 190 2323 dei
215 2311 229 2330 ‚
265 2288 414 2343 atque
442 2275 711 2344 Religionis
747 2279 1055 2329 sacramenta
1082 2279 1405 2348 perciperent.
1481 2284 1617 2335 Vidit
1642 2299 1698 2335 ea

119 2390 236 2428 aetas
262 2380 514 2449 Magnum
538 2382 730 2452 Regem
754 2385 866 2435 fidei
891 2387 1200 2454 Apostolum
1229 2430 1243 2452 ‚
1290 2388 1370 2445 ἃ,
1399 2393 1536 2460 quod
1561 2394 1698 2446 nulla

119 2486 241 2539 vidit
264 2525 278 2544 ‚
313 2503 585 2544 armatum.
654 2494 830 2552 Hunni
852 2496 1115 2547 Saxonum
1144 2498 1377 2566 exemplo
1396 2501 1470 2550 vel
1495 2508 1696 2562 moniti,

121 2600 196 2651 vel
218 2606 365 2653 territi
396 2640 412 2661 ‚
449 2621 535 2670 per
554 2603 882 2672 Legationem
902 2606 988 2656 sese
1008 2605 1139 2656 ultro
1173 2604 1397 2663 Christo,
1422 2604 1472 2657 ὃ(
1507 2606 1694 2658 Carolo

862 2715 914 2767 H
1550 2717 1627 2768 de-
