1992 3319
1582 257 1614 305 6
1623 272 1644 319 5

123 360 199 427 ius
225 359 446 415 militum
468 367 519 413 in
536 362 691 413 alium
714 359 948 413 transfert
973 394 988 420 ,
1024 360 1238 430 imperio
1269 365 1310 414 se
1336 366 1467 431 quasi
1487 364 1713 422 abdicat3

123 478 208 528 nisi
230 481 445 527 omnino
471 471 672 538 juventa
705 475 860 536 rudis,
887 488 976 525 aut
993 471 1177 525 seneffli
1202 479 1361 542 gravis
1387 475 1618 544 Princeps
1656 482 1708 527 in

123 599 238 633 eam
253 583 590 643 neceffitatem
603 582 888 650 impellatur
911 619 926 639 ,
965 595 1021 633 ut
1039 588 1125 633 uni
1142 590 1436 635 committat
1447 575 1707 638 summam

119 695 254 751 belli,
287 691 522 764 pacisque
573 695 960 762 tempestatem,
1005 694 1065 744 de
1103 695 1240 758 cujus
1276 707 1453 746 tamen
1490 695 1583 746 fide
1603 706 1625 753 ,‘
1651 695 1704 748 ὅ(

114 807 376 876 prudentia
393 813 460 859 ita
493 808 577 859 fibi
598 846 612 872 ,
652 808 703 860 ὃ(
728 810 1033 878 Reipublicae
1055 824 1270 863 cautum
1291 811 1378 862 esse
1398 822 1619 879 oportet,
1637 827 1701 861 ne

115 941 171 974 ex
195 924 279 974 usu
303 922 597 991 imperandi,
616 927 811 990 imperii
827 927 981 973 etiam
1001 922 1215 973 ambitio
1237 923 1495 973 succrescat
1512 959 1526 979 ,
1561 920 1612 972 ὃ(
1632 926 1698 970 vi-

112 1040 296 1085 cariam
315 1035 667 1100 tempestatem
677 1031 885 1099 pessime
898 1030 1163 1082 transferat
1181 1037 1232 1082 in
1251 1032 1538 1099 supremam
1556 1049 1570 1092 ;
1609 1048 1697 1081 un-

112 1144 172 1195 de
187 1144 296 1195 dein
313 1143 422 1211 plus
443 1142 562 1193 mali
580 1180 597 1203 ,
631 1143 787 1210 quam
802 1123 1004 1209 praesidii
1024 1147 1214 1193 evenire
1233 1143 1348 1195 solet
1369 1184 1382 1208 ‚
1430 1144 1549 1196 cum
1570 1161 1694 1194 nun·

115 1272 269 1324 quam
288 1259 437 1304 etiam
468 1254 492 1303 ὲ
515 1253 713 1304 subditis
735 1253 941 1304 deerunt
958 1227 1093 1323 ’f-,qui
1112 1269 1275 1324 partes
1296 1294 1312 1312 2
1355 1257 1405 1310 ὃ(
1426 1258 1693 1312 fortunam

107 1362 292 1420 Duci5‚
326 1362 400 1413 vel
420 1364 497 1430 spe
527 1362 731 1424 majoris
771 1362 1144 1421 emolumenti,
1176 1364 1255 1414 vel
1292 1364 1451 1416 dilata:
1480 1384 1690 1433 promo-

101 1477 250 1523 tionis
271 1471 482 1533 vindicta
497 1473 947 1541 alleffisequautur3
983 1490 1186 1542 nempe,
1207 1475 1262 1526 ut
1282 1493 1337 1526 ex
1356 1475 1516 1547 hasta,
1534 1497 1688 1547 quan-

101 1584 289 1630 tumvis
318 1579 485 1648 longa,
506 1579 632 1629 solus
656 1577 820 1628 ferreae
846 1578 1050 1645 cuspidis
1080 1579 1280 1646 palmus
1301 1580 1506 1649 plagam
1533 1583 1686 1646 facit,

96 1694 164 1739 ita
183 1690 301 1757 saepe
331 1694 477 1740 unius
511 1688 792 1739 ambitione
820 1688 989 1756 reliqui
1017 1687 1289 1748 inflantur,
1323 1707 1381 1742 ac
1400 1707 1553 1745 motu
1584 1709 1682 1748 tur-

96 1798 215 1849 bido
241 1803 488 1868 agitantur
507 1816 520 1860 3
556 1799 677 1849 cum
708 1810 886 1849 caetera
923 1797 1035 1849 dein
1075 1799 1222 1851 turba
1255 1800 1447 1855 horum
1466 1809 1676 1861 accessio

95 1903 235 1957 fiunt

256 2002 526 2067 'Hac‘tenus
556 2051 571 2073 ‚
610 2014 727 2084 quid
764 2016 1017 2084 agendum
1042 2016 1278 2090 principi,
1311 2014 1364 2075 ὃ(
1399 2043 1502 2095 quo
1524 2032 1675 2081 cons}

87 2105 156 2179 lio
191 2127 445 2195 agendum
465 2165 478 2184 ‚
515 2125 665 2177 fusius
692 2126 883 2178 dictum
905 2129 997 2192 est,
1025 2129 1246 2181 necdum
1279 2150 1381 2200 quo
1396 2134 1505 2185 fine„
1564 2137 1671 2204 Op-

87 2241 245 2286 timus
269 2235 333 2285 est
355 2235 432 2285 ille
451 2236 681 2304 Princeps
703 2274 718 2294 ‚
757 2241 841 2305 qui
860 2243 910 2288 in
930 2241 1046 2290 aestu
1075 2256 1290 2310 acceptae
1308 2247 1511 2308 injuriae,
1531 2249 1669 2301 dam-

82 2346 234 2416 nique
256 2361 340 2398 aut
367 2332 469 2411 jam
490 2349 604 2400 illati
626 2390 640 2408 ‚
677 2363 764 2402 aut
785 2354 967 2403 merito
997 2357 1289 2412 metuendi,
1328 2377 1437 2411 non
1465 2362 1492 2411 a
1514 2364 1666 2431 scopo

83 2456 169 2505 suo
191 2448 379 2505 aberrat
396 2492 410 2512 ‚
446 2455 520 2505 sed
543 2456 653 2522 sola·
666 2458 855 2520 justitiae
893 2461 997 2530 lege
1020 2502 1034 2525 ‚
1073 2469 1204 2533 quasi
1231 2473 1413 2520 invitus
1435 2476 1485 2521 in
1510 2472 1665 2525 infen-

83 2565 159 2617 sos
181 2562 292 2617 belli
315 2572 534 2636 impetus
555 2568 839 2638 abripiatur.
907 2575 950 2624 A
971 2575 1063 2626 fine
1083 2576 1226 2631 bono
1256 2581 1551 2650 plerumque
1572 2582 1662 2635 bo-

948 2681 992 2738 R
1494 2712 1587 2747 nus
