1992 3319
1479 317 1504 353 2
1518 315 1580 364 27

77 408 130 456 in
155 403 354 468 optima
371 398 510 451 causa
532 396 719 467 gladius
745 414 951 471 quoque
974 399 1176 454 bellanti
1192 402 1501 465 adjudicavit.
1538 406 1652 461 Vul-

0 556 3 562 .
76 520 190 578 gata
214 509 324 560 sunt
347 509 649 560 atrociffima
677 507 841 561 edieta.
914 508 1114 562 Librata
1136 507 1383 569 fulmina,
1424 510 1475 564 ὅ(
1500 516 1551 563 in
1576 529 1652 565 ca·

0 666 6 686 ,
79 634 170 692 put
183 637 363 673 meum
375 620 623 689 promissa.
676 618 853 672 Adhuc
870 632 1047 670 tamen
1059 634 1216 672 nemo
1231 618 1487 672 absentem
1507 618 1568 670 ad
1583 618 1649 669 di-

0 766 7 798 ,,
79 727 290 780 cendam
302 728 500 780 causam
516 730 702 786 citavit,
716 725 782 784 ἃ,
803 725 942 795 quod
955 744 1049 795 pro
1066 726 1308 780 omnibus
1318 727 1446 795 leges
1467 727 1650 788 valent,

6 902 10 920 ,
79 846 160 894 uni
183 843 478 910 Imperatori
507 857 616 894 non
637 846 863 909 contigit,
968 843 1046 896 Ne
1083 855 1286 912 tempus
1310 842 1518 911 quidem
1542 841 1650 895 ido·

2 971 12 1021 d
77 968 230 1007 neum
261 954 582 1022 praestitutum
601 955 690 1005 est,
720 971 823 1023 quo
846 955 1037 1023 poffem
1058 974 1143 1010 me
1153 957 1214 1009 ad
1225 958 1564 1018 defenfionem
1577 968 1646 1018 in·

0 1098 12 1147 ἶ·
76 1063 265 1115 struere.
338 1063 476 1117 Nihil
499 1064 653 1124 reste,
673 1078 821 1135 atque
835 1066 1007 1119 ordine
1035 1066 1262 1125 fastum:
1300 1072 1645 1139 qualitercum-

0 1226 12 1266 1.
78 1192 175 1244 que
196 1188 371 1229 tamen
394 1175 586 1230 fa&um
605 1214 625 1237 ‚
659 1195 766 1229 non
784 1180 876 1231 nifi
900 1180 1101 1230 iumma
1142 1196 1264 1231 *cum
1290 1183 1464 1245 injuria
1496 1203 1610 1240 mea
1627 1222 1645 1249 ,

74 1304 198 1341 cum
226 1289 433 1359 pudore,
458 1288 824 1361 &contemptu
845 1295 1054 1361 Imperii,
1077 1291 1384 1360 publicoque
1412 1296 1643 1352 scandalo

0 1437 12 1476 [t
74 1408 244 1471 potuit
265 1403 493 1455 accidere.
565 1403 701 1473 Quid
718 1409 857 1456 enim
887 1402 999 1454 inde
1022 1402 1154 1454 aliud
1172 1405 1408 1472 exspe&es
1429 1442 1447 1463 ‚
1482 1406 1644 1474 quam

0 1559 9 1588 ,-
72 1507 282 1570 diffidia,
318 1506 373 1559 ὃ(
399 1513 749 1560 contentiones
775 1544 794 1565 ‚
830 1504 1013 1574 quibus
1035 1521 1161 1574 pace
1188 1507 1389 1576 publica
1413 1506 1546 1560 foede
1567 1527 1645 1562 ex·

76 1619 234 1682 cussa,
261 1617 322 1668 ab
342 1616 552 1668 Ecclefia
579 1611 854 1663 diffocietur
880 1613 1153 1680 Imperium
1185 1617 1362 1665 infami
1397 1613 1644 1671 divortio?

9 1690 14 1710 ,

0 1787 8 1803 Ἴ
76 1732 187 1786 Hac
205 1745 379 1784 autem
396 1729 655 1782 secessione
668 1724 785 1796 quid
801 1723 1053 1776 acerbius?
1072 1724 1194 1775 cum
1208 1723 1440 1778 distrastae
1452 1730 1642 1779 civium

77 1858 298 1904 mente5‚
323 1843 438 1894 hinc
457 1846 510 1892 in
522 1840 795 1899 Caesarem,
828 1837 939 1888 inde
965 1841 1017 1889 in
1039 1834 1344 1889 Pontificem
1367 1836 1640 1890 malediffis

5 1989 16 2039 3
77 1959 130 2012 δε
146 1954 462 2010 contumeliis
479 1951 718 2019 insurgent
736 1950 752 1999 ,ἓ
788 1947 837 1999 Si
854 1945 976 2016 quid
997 1943 1232 1998 Pontifex
1252 1960 1520 2014 peccatum
1546 1968 1644 2005 cre-

0 2116 18 2148 ε,
77 2069 269 2130 diderit,
295 2070 464 2135 potuit
483 2077 693 2115 meeum
717 2077 859 2129 agere
877 2059 1151 2111 humanius
1168 2097 1184 2122 ‚
1208 2059 1261 2113 ὅ(
1281 2063 1499 2129 primum
1540 2072 1642 2134 qui-

0 2224 16 2256 Ι,
77 2187 194 2240 dem
211 2186 485 2238 admonere
497 2179 731 2231 debuerat
754 2189 963 2246 paterno
982 2172 1159 2227 affeetu
1178 2210 1194 2235 ‚
1227 2171 1399 2225 deinde
1424 2179 1640 2243 increpa·
1716 2222 1721 2227 .

0 2336 16 2368 e.
74 2316 126 2351 re
143 2297 296 2350 aerius
317 2294 681 2344 contumaciter
700 2285 969 2339 cessantem
988 2321 1006 2341 ,
1036 2280 1448 2353 consumptisque
1473 2290 1640 2338 omni-

1 2446 17 2478 c,
75 2406 170 2458 bus
188 2406 293 2457 aliis
311 2402 376 2454 ad
397 2414 618 2453 extrema
630 2397 841 2450 demum
859 2401 1108 2465 pervenire
1120 2396 1351 2448 remedia.
1412 2398 1541 2468 Qis
1552 2414 1640 2450 un·

0 2560 16 2592 ῃ
79 2536 230 2589 quam
256 2529 395 2587 pater
422 2518 486 2568 s1e
512 2513 679 2564 exarsit
694 2516 744 2563 in
765 2510 925 2562 filium
940 2546 954 2566 ‚
977 2519 1032 2559 ut
1052 2522 1160 2559 non
1182 2506 1474 2573 exspe&aret
1497 2502 1636 2555 abeo

0 2651 16 2700 ᾗ
76 2637 423 2704 poenitentiam
439 2669 457 2694 ‚
492 2628 570 2680 vel
590 2642 698 2681 non
721 2624 1005 2676 admitteret
1034 2637 1128 2689 pro
1155 2622 1440 2672 innocentia
1458 2618 1540 2669 sua
1570 2616 1640 2687 di·⁸

798 2734 894 2788 Lll
928 2752 954 2786 2
1453 2730 1566 2783 stu-
