1992 3319
444 275 539 323 226

367 404 641 466 pertinente
666 384 888 469 absque
924 382 1300 448 authoritate
1334 379 1700 468 Apostolicae
1741 382 1933 448 Aedis.

364 506 419 555 In
440 523 553 557 eam
579 524 691 559 rem
719 522 812 561 tres
844 512 1034 561 menses
1057 508 1215 560 edicto
1237 511 1467 577 praestitui
1486 549 1500 572 ‚
1538 516 1623 580 qui
1643 510 1748 574 jam
1769 527 1946 578 prope-

364 615 588 668 modum
605 620 858 687 exspirant.
931 621 1121 671 Verum
1149 623 1406 672 enimvero
1427 624 1507 672 etsi
1533 621 1680 673 illum
1700 622 1728 672 a
1745 638 1831 672 me
1854 625 1944 671 im-
1971 637 1972 640 ¹

365 742 555 798 petrare
585 731 705 783 nihil
724 744 959 799 oporteat
977 771 991 791 ,
1034 745 1213 800 utpote
1236 750 1286 783 re
1307 736 1405 800 ipsa
1426 735 1748 785 convictum:
1786 749 1850 784 ne
1873 744 1946 782 tam
1969 768 1970 776 κ

367 861 488 894 men
512 862 598 912 per
617 850 796 895 omnia
812 844 962 895 durus
977 881 995 903 ‚
1020 845 1261 913 reumque
1282 846 1406 896 velle
1429 852 1731 915 praecipitare
1749 846 1912 897 videar
1927 882 1945 904 ,
1968 841 1969 845 ¹

367 970 559 1016 unum,
586 953 859 1004 alterumve
888 954 1115 1006 mensem
1137 952 1339 1016 adjicio,
1363 955 1558 1020 scitum,
1584 957 1671 1006 nisi
1688 960 1815 1005 intra
1828 951 1946 1004 illud

361 1075 577 1143 spatium
603 1094 807 1128 morem
848 1077 1031 1146 gesserit
1047 1068 1295 1149 imperio
1328 1090 1450 1130 meo
1470 1117 1487 1139 ,
1534 1082 1715 1133 librata
1742 1098 1828 1132 me
1854 1078 1944 1129 ful-

366 1196 507 1242 mina
532 1197 582 1242 in
607 1205 757 1259 caput
784 1192 885 1254 ejus
907 1191 1239 1242 excussurum.
1316 1193 1386 1242 Ita
1414 1193 1661 1244 Summus
1683 1187 1942 1248 Pontifex,

368 1299 429 1351 ad
453 1302 595 1370 quale
617 1303 905 1369 responsum
924 1302 1030 1354 hoec
1050 1317 1153 1355 erat
1168 1304 1415 1355 Ludovici
1432 1305 1711 1357 declaratio,

554 1408 807 1459 Ha&enus
828 1425 914 1459 me
939 1423 1052 1476 erga
1074 1407 1256 1460 Sedem
1275 1396 1621 1476 Apostolieam
1639 1411 1706 1457 ita
1726 1405 1858 1474 gess‘i,
1883 1416 1940 1456 ut
1960 1422 1961 1445 1

364 1521 485 1571 nihil
505 1519 656 1573 officii
672 1522 959 1574 desideretur
978 1562 992 1579 ,
1030 1523 1167 1592 quod
1183 1522 1460 1574 incolenda
1474 1538 1530 1572 ea
1554 1537 1663 1572 non
1686 1517 1959 1587 impende·¹

365 1632 480 1678 rim.
550 1628 799 1690 joannem
824 1633 1150 1692 Pontificem,
1178 1649 1233 1685 ut
1248 1652 1334 1702 par
1365 1635 1485 1692 fuit,
1516 1646 1775 1685 veneratus
1798 1632 1904 1682 sum
1921 1667 1939 1690 ‚

369 1742 619 1811 patrisque
641 1744 759 1795 loco
787 1747 974 1814 semper
999 1747 1153 1799 habui
1173 1767 1186 1810 ;
1225 1754 1274 1799 in
1300 1750 1436 1817 spem
1453 1747 1941 1806 adductus,benevo-

368 1854 527 1904 lentiae
547 1853 794 1912 frustum,
830 1872 985 1922 quem
1016 1873 1073 1905 ex
1109 1874 1194 1908 me
1219 1874 1303 1924 per
1328 1869 1409 1906 tot
1429 1854 1596 1906 officia
1617 1869 1898 1924 perceperat
1918 1835 1955 1916 ,ἢ

368 1979 548 2018 mutua
566 1965 803 2015 charitate
823 1967 1283 2032 compensaturum.
1356 1963 1450 2015 Sed
1478 1963 1624 2031 longe
1650 1962 1868 2016 aberravi
1905 1966 1954 2032 ἐι]

365 2076 689 2127 destinatione
710 2092 841 2126 mea.
914 2074 1060 2126 Unde
1082 2074 1206 2125 mihi
1223 2072 1503 2141 praesidium
1522 2073 1825 2139 quaesieram,
1840 2087 1952 2125 cre-¹

367 2204 507 2243 atum
529 2188 808 2258 periculum
828 2187 916 2238 esse
937 2187 1100 2238 video,
1209 2185 1368 2255 Qod
1391 2189 1527 2235 enirn
1555 2198 1819 2250 nunquam
1844 2172 1951 2250 pu.¹

363 2301 537 2354 tassem
564 2339 577 2360 ‚
620 2304 746 2350 utin
765 2298 1004 2350 Romana
1030 2297 1184 2349 Curia
1204 2297 1264 2347 de
1281 2296 1416 2348 fafitis
1435 2301 1560 2347 meis
1586 2306 1830 2363 ageretur,
1846 2294 1929 2345 Le·

364 2412 492 2478 gati,
513 2422 642 2474 quos
672 2405 969 2455 scrutaturos
993 2404 1301 2456 dimiseram,
1333 2408 1506 2454 omnia
1538 2403 1792 2454 incredulo
1820 2420 1930 2470 ape-

362 2516 512 2572 ruere.
584 2516 806 2566 Fortuna
822 2530 939 2565 mea
959 2519 1011 2565 in
1034 2513 1287 2564 discrimen
1305 2526 1485 2565 vocata
1506 2514 1584 2563 est.
1657 2514 1806 2575 Jussus
1818 2515 1945 2567 sum'

364 2633 592 2685 diadema
613 2631 885 2698 deponere,
916 2627 1057 2696 quod
1086 2639 1164 2679 tot
1198 2632 1337 2677 annis
1374 2626 1588 2691 legitime
1621 2623 1839 2691 possedi,
1875 2624 1943 2674 ἃ,

1802 2744 1855 2789 in
