1992 3319
1554 287 1616 341 ³9

108 377 342 430 Romam
360 376 553 429 secutus
571 375 875 429 Pontificem
902 375 1117 430 Carolus
1137 384 1189 431 in·
1210 379 1410 433 Basilica
1434 380 1481 441 S.
1509 383 1636 437 Petri
1660 387 1691 438 a

107 490 351 542 Pontifice
378 485 571 541 corona
601 487 946 556 pretiosissima
975 503 1300 543 coronaretur
1321 496 1350 558 (
1366 492 1441 545 vel
1475 498 1691 555 invitus,

105 599 182 653 vel
194 601 405 666 volens)
426 601 518 667 (6)
543 612 664 651 tunc
678 597 1058 651 univerfifideles
1075 600 1317 666 Romani,
1336 603 1557 656 videntes
1584 619 1689 657 tan=

105 728 215 767 tam
233 713 570 766 defensionem
594 747 607 771 ,
645 712 698 766 ὅ(
723 713 1075 770 dilectionem,
1109 729 1264 782 quam
1290 731 1402 783 erga
1426 713 1471 767 S.
1490 715 1564 767 R.
1596 715 1685 768 Ec-

104 823 300 876 clesiam
322 863 336 888 ,
383 822 435 875 &
464 823 565 887 ejus
602 823 857 873 Vicarium
889 818 1105 872 Carolus
1137 817 1315 872 habuit
1336 861 1352 886 ,
1384 827 1688 875 unanimiter

103 932 334 987 altiffima
364 953 491 988 voce
511 974 527 996 ‚
562 936 658 988 Dei
675 948 803 988 nutu
827 972 847 993 ,,
875 948 1023 1004 atque
1048 934 1193 988 Beati?
1209 937 1339 989 Petri
1359 938 1580 1008 clavigeri
1596 959 1682 994 cae-

99 1056 286 1117 lorum,
299 1058 735 1114 exclamaverunt:
786 1049 997 1113 Carolo
1023 1049 1328 1138 Pilffimo,
1365 1052 1643 1140 Augusto
1662 1103 1680 1134 ,

101 1172 142 1233 ὰ
182 1173 313 1238 Deo
348 1192 620 1241 coronato
643 1226 659 1254 ‚
701 1177 930 1266 Magno
951 1228 968 1253 ,
1013 1178 1286 1263 Pacifico
1326 1176 1679 1267 Imperatori

98 1298 229 1388 vifa
245 1347 261 1371 ‚
285 1301 358 1374 &³
377 1298 643 1370 viderier.

462 1427 659 1480 Notare
693 1427 907 1496 placebit
931 1465 946 1486 ,
1002 1440 1275 1495 antequam
1326 1424 1526 1478 ulterius
1565 1443 1678 1495 pro·

95 1523 278 1604 grediar
300 1571 316 1597 ‚
356 1539 615 1585 motivum
650 1535 954 1603 applanffm,
997 1537 1047 1588 ὃ(
1085 1533 1350 1588 consensus
1394 1536 1587 1604 publici
1625 1545 1677 1593 in

92 1643 290 1715 populo
315 1681 330 1702 ‚
375 1643 512 1714 quod
552 1644 776 1696 maxime
806 1645 864 1697 ad
895 1649 1219 1715 propositum
1250 1662 1432 1697 meum
1461 1649 1674 1715 spefmt,

92 1776 276 1828 nempe
309 1759 648 1811 defensionem
671 1797 684 1818 ‚
723 1758 774 1812 &
800 1759 1115 1812 dilectionem
1140 1777 1248 1829 erga
1273 1762 1490 1812 sanilam
1512 1762 1675 1812 Eccle-

92 1883 212 1931 fiam
238 1860 424 1927 Carolo
452 1852 731 1945 imposuifle
756 1892 1005 1935 coronam
1028 1915 1042 1940 ‚
1083 1874 1135 1927 ὃς
1165 1892 1221 1926 ex
1249 1876 1454 1926 Patritio
1484 1874 1674 1925 Roma-

92 2006 163 2040 no
212 1988 365 2040 fecisse
395 1994 756 2042 Romanorum
791 1963 1158 2058 Imperatorem
1189 2026 1203 2048 ‚
1249 1990 1478 2059 hancque
1512 2005 1671 2043 unam

91 2104 227 2157 fuiffe
255 2143 270 2164 ,
309 2123 418 2175 quae
457 2105 486 2155 a
525 2105 706 2156 Graecis
737 2106 1017 2172 Imperium
1043 2104 1290 2156 transtulit
1325 2110 1375 2154 in
1408 2103 1669 2155 Carolum.

92 2219 323 2282 Pontifex
349 2220 454 2270 sane
484 2224 536 2269 in
568 2219 662 2270 hac
697 2225 1029 2271 coronatione
1064 2217 1257 2268 nullam
1294 2214 1455 2266 voluit
1475 2225 1670 2282 praeter-

94 2335 225 2382 mitti
249 2331 594 2381 solennitatem
616 2366 630 2391 ,
665 2347 774 2400 quae
811 2329 875 2380 ab
908 2332 1120 2396 antiquis
1150 2331 1203 2377 in
1235 2325 1438 2393 Augusti
1465 2328 1667 2390 inaugu-

92 2449 282 2496 ratione
310 2446 515 2493 exerceri
535 2439 731 2495 solebat.
806 2441 939 2491 Hinc
969 2440 1137 2489 statua:
1163 2434 1331 2486 Caroli
1364 2443 1477 2483 ante
1500 2429 1666 2483 Altare

93 2550 367 2603 collocatae.
462 2547 676 2603 Carolus
719 2550 780 2600 ab
810 2551 912 2617 ipso
937 2549 1108 2599 Leone
1146 2546 1387 2599 Pontifice
1417 2557 1664 2613 tanquam

783 2664 828 2713 K
873 2684 893 2715 2
1502 2663 1596 2713 Im⁴

251 2775 319 2831 (6)
357 2773 609 2840 Antssafiur„
