1992 3319
394 335 454 385 16

314 438 617 506 Frifingensis
634 471 650 489 ,
677 438 750 485 vir
769 444 955 501 potens
974 472 989 496 ‚
1025 435 1178 483 armis
1211 428 1657 510 experientissimus
1685 466 1699 491 ,
1733 429 1900 484 multa

314 538 493 610 fortia,
528 547 581 599 ἃ
609 546 932 615 laudedigna
965 550 1018 596 in
1043 550 1121 596 via
1142 582 1157 606 ,
1197 540 1249 594 ὃ(
1281 547 1334 594 in
1366 555 1492 594 terra
1528 542 1686 593 saneta
1718 543 1859 613 geffit
1883 580 1900 600 ,

313 656 442 712 dum
461 655 764 723 expeditioni
786 653 1259 722 Hierosolymitanae
1285 652 1533 708 interesset.
1621 651 1720 709 Hie
1749 653 1776 702 a
1797 652 1901 704 vul-

310 785 378 837 go
403 767 558 819 dietus
585 768 651 819 est
670 766 1027 821 Bundsehuech
1046 805 1061 830 ‚
1100 766 1128 818 a
1146 765 1375 834 quodam
1407 766 1576 819 calceo
1597 770 1759 833 nigro,
1777 780 1900 819 cum

309 878 467 931 tribus
486 879 620 930 rubri
642 878 826 930 coloris
857 883 1073 947 corrigiis
1096 917 1111 936 ‚
1149 877 1209 929 ad
1239 896 1395 949 quem
1426 880 1679 951 ereetum,
1705 877 1901 929 Sarace-

310 992 387 1042 nis
408 987 657 1055 insperato
688 986 1071 1053 erumpentibus
1092 1024 1108 1041 ,
1146 986 1391 1054 rebusque
1427 987 1557 1054 pene
1594 986 1850 1053 desperatis
1882 1023 1899 1048 ,

312 1097 619 1149 Christianos
656 1097 888 1166 collegit,
933 1097 1195 1165 aciemque
1221 1102 1290 1158 icta
1322 1098 1528 1146 restituit
1549 1134 1564 1158 ‚
1608 1109 1666 1146 ut
1702 1096 1896 1146 calceus

308 1210 361 1259 in
381 1206 558 1257 vexillo
584 1207 847 1272 signaretur
871 1245 887 1269 ‚
924 1203 1338 1272 sepulchrumque
1362 1203 1577 1255 Domini
1602 1203 1686 1254 sub
1719 1203 1820 1254 hoc
1846 1205 1897 1256 si-

306 1333 412 1386 gno
436 1328 824 1384 recuperaretur.
897 1315 1198 1368 Dolendum
1222 1314 1451 1384 profesto
1477 1355 1491 1380 ‚
1533 1314 1660 1366 adeo
1698 1317 1898 1372 exsicca-

308 1439 426 1482 tum
444 1428 595 1478 hodie
617 1468 632 1492 ‚
670 1428 980 1495 sterilemque
1007 1427 1196 1496 absque
1216 1431 1362 1477 omni
1385 1431 1538 1477 etiam
1559 1426 1636 1493 spe
1657 1428 1897 1490 accipien—

309 1543 387 1595 dae
408 1544 571 1611 segetis
592 1541 747 1605 jacere
768 1539 1102 1591 vastissimum
1131 1537 1273 1587 illum
1312 1534 1536 1588 Ecclesiae
1567 1549 1744 1601 agrum
1763 1570 1778 1595 ‚
1810 1535 1896 1600 qui

311 1651 534 1721 piiffimo
557 1660 637 1699 tot
660 1647 881 1698 millium
899 1645 1129 1713 sanguine
1159 1643 1479 1695 hume&atus
1506 1685 1520 1708 ,
1553 1644 1682 1713 jatto
1709 1641 1895 1712 ubique

310 1764 485 1820 Divini
508 1762 644 1814 verbi
664 1763 845 1813 semine
865 1800 881 1826 ,
919 1755 1190 1825 excisisque
1220 1757 1588 1809 Saracenorum
1618 1754 1853 1822 vepribus
1881 1791 1894 1805 .

309 1870 658 1941 dumetisque,
679 1871 1002 1923 fertilissimus
1022 1873 1302 1940 sperabatur
1325 1912 1340 1936 ‚
1379 1874 1728 1939 operariorum
1755 1866 1894 1920 labo·

310 1999 363 2032 re
382 2022 397 2047 ‚
436 1982 676 2037 &sud-ore
697 2022 713 2045 2
738 1982 818 2041 ,eo
849 1982 956 2037 zelo
984 1982 1205 2033 excultus
1225 2020 1240 2037 ,
1279 1994 1335 2032 ut
1364 1997 1545 2031 omnes
1574 1976 1892 2030 difficultates

311 2099 373 2160 ὠ(
392 2085 551 2141 verbis
576 2104 692 2142 utor
706 2091 912 2143 Drefferi
932 2090 1240 2157 Acatholiei)
1255 2096 1435 2156 itineris
1451 2091 1893 2158 longinquitatem,

311 2253 337 2268 μ
357 2201 638 2269 periculum
653 2201 715 2252 ab
737 2201 875 2252 hoste
896 2239 910 2262 ,
943 2206 1010 2251 rei
1032 2203 1177 2269 ipsius
1200 2201 1604 2271 magnitudinem
1621 2241 1635 2264 ,
1672 2200 1722 2252 ὃ(
1742 2207 1890 2253 incern

297 2363 338 2389 ,ις
363 2311 633 2362 titudinem
652 2330 746 2380 pro
767 2313 922 2365 nihilo
946 2310 1168 2381 putarint
1192 2316 1504 2375 magnanimi
1525 2312 1589 2363 illi
1613 2311 1801 2378 DuceS,
1824 2326 1893 2365 at·

313 2479 340 2494 u
364 2443 460 2494 que
490 2426 670 2475 milites
692 2465 707 2487 ,
757 2441 814 2475 ac
850 2425 982 2475 ultro
1020 2425 1104 2473 sese
1142 2427 1193 2472 in
1226 2421 1514 2486 discrimen,
1556 2435 1704 2492 atque
1743 2438 1891 2477 certa-

313 2594 340 2610 ις
360 2559 482 2592 men
501 2581 514 2604 ,
554 2542 759 2591 tantum
786 2559 878 2609 pro
897 2543 1046 2592 salute
1078 2544 1302 2591 nominis
1327 2537 1586 2609 Christiani
1599 2541 1891 2611 obiecerint.

313 2703 340 2722 εἰ
358 2655 484 2703 Non
511 2658 668 2721 patria
690 2693 706 2718 ,
753 2670 862 2721 non
894 2653 1084 2705 domus
1112 2693 1128 2719 ,
1165 2672 1274 2706 non
1302 2653 1540 2726 fortuna,
1577 2674 1686 2724 non
1718 2657 1892 2727 liberi,

1709 2785 1820 2821 non
