1992 3319
1455 259 1550 324 169·

39 368 299 443 praeferens
320 407 337 429 ‚
374 383 480 437 quo
516 381 726 418 monere
760 365 1056 424 voluerunt,
1079 369 1475 417 matrimonium
1509 381 1620 416 non

38 481 184 533 solius
207 481 480 548 voluptatis
502 476 678 549 gratia,
706 477 782 529 sed
801 480 861 529 ad
887 494 1048 535 curas,
1080 477 1132 529 ἃ
1154 477 1348 529 labores
1371 478 1461 528 esse
1495 478 1621 528 insti-

40 599 229 646 tutum.
302 587 406 655 Qi
427 587 578 636 status
600 586 713 635 suos
733 589 786 636 in
810 586 1015 648 justitia,
1041 600 1190 654 pace,
1214 582 1267 635 ὅ(
1283 600 1452 635 rerum
1477 585 1622 638 uber..

39 712 142 751 tate
171 703 297 752 tueri
325 700 495 769 satagit
514 738 530 759 ‚
572 700 759 770 ubique
798 704 852 751 in
898 715 1133 751 curarum
1177 699 1334 769 spinas
1385 694 1619 750 offendet.

41 807 182 860 Unde
198 825 306 859 non
331 815 544 870 mirum,
565 824 672 871 tot,
694 828 751 863 ac
777 824 947 864 tantos
970 813 1219 879 Principes
1233 849 1247 869 ,
1276 811 1439 878 pofito
1461 808 1622 860 diade-

43 930 208 977 mate,
239 936 347 970 non
371 920 433 971 ad
447 926 696 989 privatam
720 922 886 974 modo
912 929 1071 975 vitam
1087 923 1114 973 ὲ
1137 925 1274 989 regiis
1294 921 1486 990 palatiis
1522 917 1623 970 abi-

43 1023 122 1080 isse
146 1067 162 1087 ‚
197 1029 272 1080 sed
302 1030 366 1081 ad
403 1048 678 1100 pauperem
702 1037 885 1094 etiam,
932 1030 1145 1097 eamque
1169 1026 1368 1078 mundo
1394 1038 1624 1078 contem-

44 1152 206 1208 ptam.
276 1140 423 1192 Tales
445 1141 627 1192 Bozius
647 1152 827 1197 narrat.
882 1138 1148 1192 Lotharius
1166 1139 1444 1206 Imperator
1456 1136 1624 1188 Ludo·

46 1260 139 1306 vici
160 1257 229 1306 Pii
256 1255 403 1307 Filius
426 1254 562 1308 anno
588 1270 610 1311 8
626 1275 648 1321 5
660 1275 699 1321 5.
772 1256 927 1324 Hugo
943 1255 1216 1306 Provineiae
1240 1253 1358 1304 Rex,
1437 1252 1622 1304 Rachis

46 1366 506 1435 Longobardorum
523 1390 551 1435 7
561 1389 636 1435 50.
690 1366 1024 1437 Sigismundus
1049 1366 1363 1434 Burgundiae‚
1426 1366 1624 1419 Bamba

46 1477 308 1545 Hispaniae,
346 1479 692 1531 V-eremundus
728 1476 966 1538 Castellae,
1005 1475 1299 1526 Rammirus
1322 1476 1624 1543 Arragoniae,

47 1590 338 1658 Sigisbertus
360 1586 752 1641 Northumbriae.
789 1585 961 1637 Sebbis
979 1585 1182 1654 Angiiae‚
1218 1583 1534 1649 Eltheredu8‚
1572 1584 1626 1637 ὃ(

2 1737 6 1743 .
51 1697 391 1750 Chemeredus
409 1698 627 1756 Merciae,
663 1695 878 1748 Alfridus
898 1696 1284 1751 Northumbriae
1322 1734 1338 1755 ,
1377 1697 1624 1753 Henricus

52 1827 254 1882 quartus
271 1814 444 1866 Daniae
462 1850 478 1871 ‚
515 1812 927 1864 Carolomannus
954 1814 1284 1876 Alemanniae,
1354 1813 1628 1871 Trebellius

52 1916 305 1984 Bulgariae,
342 1917 610 1968 Cafimirus
635 1917 891 1976 Poloniae,
919 1924 1002 1986 qui
1026 1918 1199 1971 deinde
1216 1920 1339 1984 jussu
1358 1922 1630 1982 Pontifiei3‚

52 2025 358 2094 suorumque
380 2025 799 2078 obsecrationibus
817 2032 950 2095 regni
965 2028 1296 2102 gubernacula
1316 2031 1526 2100 suscepit.
1560 2032 1630 2083 Hi

23 2156 25 2161 ·
55 2151 265 2193 omnes,
299 2134 350 2187 ὃ(
366 2135 527 2203 plures
543 2134 619 2186 alii
640 2135 722 2188 fibi
747 2135 917 2203 potius
937 2141 1181 2206 imperare
1204 2136 1447 2199 maluere,
1470 2141 1632 2210 quam

55 2246 158 2297 aliis
179 2282 195 2305 ‚
228 2244 370 2297 nullo
408 2249 735 2298 inimieorum
771 2258 951 2297 terrore
993 2247 1241 2315 compulsi
1263 2286 1278 2306 ,
1313 2266 1407 2301 nec
1444 2258 1631 2305 mentis

58 2357 282 2425 stupore,
315 2370 401 2409 aut
428 2357 600 2409 inertia
634 2357 801 2423 dejeffi
818 2378 836 2423 3
875 2361 1079 2429 qualiter
1108 2358 1262 2412 secere
1284 2366 1407 2412 inter
1428 2362 1634 2414 Graecos

61 2467 335 2522 Anastasius
357 2467 410 2519 Π»
443 2467 758 2520 Theodosius
786 2471 844 2528 II,
881 2470 1103 2522 Michaal
1128 2469 1384 2539 Rangabffi
1416 2470 1636 2521 Michael

58 2578 364 2644 1V.Isaaeius
392 2577 720 2641 Cemmenus,
748 2579 800 2631 ὃ(
822 2579 1130 2632 Emmanuel
1151 2580 1448 2649 Paleologus
1476 2582 1638 2648 Impe-⁸

912 2685 962 2737 U
982 2694 1016 2736 u
1495 2702 1569 2739 ra-

226 2798 318 2851 Lib.
346 2819 415 2853 η.
431 2801 619 2870 defignis
630 2800 738 2853 Eccl.
763 2819 796 2859 c.
808 2820 854 2865 9.
