1992 3319
1549 289 1614 339 77

101 394 239 458 giam
273 383 500 453 aquilam
534 383 657 434 ferre
689 381 881 438 solitus,
912 399 1027 435 earn
1058 384 1156 435 fine
1199 385 1416 437 vi&0riae
1451 387 1688 456 applausu

105 489 279 541 nullibi
302 487 573 554 explicavit.
649 484 929 538 Praemissus
954 501 1075 536 cum
1096 485 1337 538 Conrado
1362 487 1690 541 Fridericifra-

104 609 205 654 tre,
225 593 497 647 Bertholdo
530 591 761 662 Zaringio
801 592 1225 662 Burgundionum
1251 595 1397 649 Duce
1420 635 1434 654 ‚
1476 596 1528 649 ἃ
1548 614 1679 667 expe

108 702 218 755 ditis
238 703 562 763 cohortibus,
586 711 641 758 in
658 705 920 762 obsidione
942 707 1207 759 Berthonis
1228 708 1291 758 ad
1316 708 1689 777 explorandum

107 817 238 867 urbis
266 819 443 876 situm,
469 836 593 871 eum
630 820 816 874 eodem
845 818 1075 888 Zaringio
1098 821 1454 873 Betthonenses
1477 822 1540 873 ad
1561 824 1687 876 dedi·

105 939 301 984 tionem
322 938 503 1003 coegit.
582 933 712 999 Quis
737 937 877 984 enim
896 932 1102 982 resistere
1122 929 1322 982 auderet
1345 932 1519 989 Leoni,
1533 946 1689 1001 quem

105 1045 447 1100 comitabatur
478 1047 678 1117 aquila?
710 1046 815 1099 Leo
851 1046 914 1096 ab
945 1049 1132 1113 origine
1157 1045 1260 1098 Rex
1280 1081 1297 1101 ,
1332 1051 1386 1096 in
1410 1050 1545 1096 terris
1567 1044 1689 1096 nihil

107 1159 190 1210 fibi
216 1163 520 1226 impervium
552 1170 712 1226 putat.
785 1157 964 1225 Aquila
991 1156 1055 1208 ad
1096 1159 1369 1224 imperium
1399 1168 1549 1214 nata,
1585 1151 1686 1205 sola

109 1268 236 1319 Solis
259 1269 423 1320 radios
445 1287 554 1321 non
584 1270 878 1336 expavescit,
914 1270 1071 1320 solam
1095 1267 1422 1337 expavescunt
1446 1283 1561 1317 aves
1586 1267 1686 1318 reli-

111 1393 220 1446 qua:
255 1394 472 1436 omneS,
513 1383 585 1428 uti
614 1378 902 1435 volam,ita
923 1374 1092 1426 indole
1118 1376 1435 1442 superiorem.
1510 1376 1616 1446 Qi
1638 1379 1690 1424 in

110 1498 283 1542 animo
304 1491 485 1543 Leonis
504 1493 720 1559 spiritus,
744 1490 829 1541 sub
850 1488 1024 1558 aquilae
1047 1490 1265 1556 auspiciis
1292 1489 1467 1557 aquilae
1488 1492 1688 1544 causam

111 1607 276 1671 fovet,
315 1612 440 1658 vinci
467 1611 548 1657 vix
576 1604 754 1674 potest.
825 1603 937 1654 Hae
961 1609 1152 1653 comite
1183 1608 1448 1654 montium
1471 1609 1689 1672 praeeipi—

111 1723 178 1778 tia
202 1755 216 1775 ‚
249 1734 306 1768 ac
329 1716 562 1768 inaccessa
586 1727 842 1784 petrarum
864 1711 1098 1782 repagula
1124 1712 1566 1778 transcenduntur3
1600 1715 1687 1771 illo

114 1826 239 1879 duce
265 1826 538 1878 concidunt
577 1829 760 1877 maenia
783 1862 798 1883 ‚
829 1841 887 1876 ae
919 1824 1188 1876 fortissima
1225 1825 1429 1878 urbium
1455 1826 1688 1881 concussa

113 1940 490 2009 propugnacula
518 1936 625 2007 ipsa
659 1936 739 1989 sua
771 1935 910 1990 ruina
940 1939 1001 1990 eo
1031 1940 1375 2008 gloriosiorem
1397 1946 1534 1994 viam
1575 1960 1688 2012 ape·-

110 2053 244 2099 riunt
266 2086 281 2104 ,
324 2047 426 2116 quo
456 2045 681 2103 nullum,
714 2045 975 2097 &nemini
1003 2051 1056 2098 in
1083 2065 1140 2099 ea
1172 2048 1363 2102 aditum
1394 2049 1504 2102 fore
1532 2054 1686 2122 super—

112 2157 222 2207 bitus
247 2157 494 2219 {affrarenn
569 2155 696 2206 Vidit
717 2159 766 2206 in
791 2155 993 2210 Ottone
1022 2172 1293 2228 utrumque
1317 2160 1611 2220 Fridericus‚
1634 2161 1686 2215 ὃ(

114 2274 320 2319 miratus
353 2270 416 2319 est
448 2269 676 2320 Leonem
705 2267 848 2320 fimul
870 2306 886 2326 ‚
934 2269 987 2321 ὃ(
1016 2269 1254 2339 Aquilam
1273 2310 1287 2331 ,
1329 2274 1452 2326 dum
1476 2293 1532 2328 ex
1551 2277 1687 2330 Italia

117 2376 178 2428 ad
194 2378 338 2446 Pylas
362 2416 375 2437 ‚
407 2380 603 2431 occluso
626 2382 828 2431 transitu
852 2378 1230 2448 periclitaretur3
1269 2377 1300 2428 si
1317 2391 1487 2430 tamen
1501 2377 1684 2446 pericli-

115 2491 204 2536 tari
224 2491 391 2554 potuit
414 2488 497 2539 sub
516 2490 600 2540 tali
622 2487 902 2546 vexillifero,
976 2490 1227 2557 Repetam
1247 2483 1327 2539 hic
1344 2493 1684 2540 narrationem

117 2596 171 2651 P.
201 2599 432 2651 Prunneri
472 2603 583 2652 Soc.
623 2602 724 2665 Jesu
742 2619 755 2663 ;
797 2618 889 2654 nec
913 2606 1049 2653 enim
1089 2599 1355 2653 meliorem
1378 2598 1454 2651 vel
1473 2615 1566 2666 ego
1596 2612 1683 2650 ων

919 2710 966 2789 U
1456 2725 1616 2779 quam
