1992 3319
1529 282 1589 334 85

86 373 220 426 alteri
245 387 301 422 ex
330 369 470 420 causa
501 367 783 420 concedere.
856 368 982 440 Qo
1010 383 1179 439 patet,
1210 379 1534 427 venationem
1557 378 1665 440 jure.

82 482 290 536 naturali
322 481 565 533 omnibus
594 479 882 549 permiffam
910 519 929 537 ,
978 487 1120 536 variis
1154 500 1212 534 ex
1244 488 1395 538 causis
1415 490 1549 555 posse
1575 509 1660 558 per

83 593 364 661 Principem
385 592 649 660 prohiberi.
717 590 888 644 Multa
907 593 1000 657 (6)
1021 592 1133 642 sunt
1150 592 1256 655 jure
1277 598 1489 648 naturali
1510 599 1658 666 licita,

83 714 410 776 prohibentur
439 723 613 763 tamen
649 726 735 780 per
769 713 932 780 {egem
958 709 1244 761 humanam
1263 748 1280 769 ‚
1318 711 1528 778 inspecta
1549 712 1657 764 Rei·

82 820 296 889 publicae
326 822 537 873 utilitate
570 861 587 881 ‚
644 821 697 874 6<
727 822 865 885 juxta
891 824 1233 890 aequissimum
1269 834 1657 882 communitatis

83 943 315 1006 regimen.
390 941 518 991 Inter
543 942 650 991 istas
670 946 886 992 rationes
912 942 1160 1009 praecipue
1179 955 1447 1010 notantur,
1470 963 1534 997 ne
1553 945 1660 997 sub·

83 1044 169 1096 diti
193 1045 276 1097 sub
299 1050 449 1114 {pecie
468 1050 745 1099 venationis
769 1084 786 1104 ‚
821 1064 935 1115 quae
947 1049 1044 1098 fine
1067 1055 1217 1101 armis
1241 1057 1446 1103 exerceri
1467 1061 1657 1124 nequit,

13 1197 20 1201 -
54 1170 156 1211 ‘res
183 1174 342 1209 novas
375 1156 575 1220 moliri,
613 1155 666 1207 ὃ(
707 1160 932 1224 quietem
985 1157 1184 1209 turbare
1224 1162 1483 1227 publicam
1522 1172 1655 1217 anni-

81 1283 249 1323 tantur
268 1276 281 1331 ξ
329 1281 444 1319 tum
463 1286 526 1318 ne
544 1268 895 1335 agriculturam
907 1305 924 1324 2
944 1268 998 1321 ὃς
1017 1270 1112 1321 ‚alia
1128 1276 1241 1323 vitae
1256 1291 1431 1341 genera
1451 1281 1501 1327 in
1512 1296 1653 1331 emo-

83 1378 373 1430 lumentum
393 1376 674 1444 reipublicae
697 1377 893 1428 summe
919 1378 1176 1429 necessaria
1195 1378 1434 1439 deserant,
1471 1380 1522 1434 ὃ(
1551 1395 1656 1436 tan-

83 1480 200 1534 dem
226 1500 289 1533 ne
318 1499 479 1533 omne
495 1480 717 1532 ferarum
742 1500 900 1550 genus
920 1501 1009 1552 per
1040 1490 1270 1543 iteratas,
1304 1488 1357 1540 ὃ(
1376 1495 1657 1559 promiscue

82 1598 324 1649 omnibus
342 1597 592 1664 permissas
617 1602 907 1648 venationes
924 1597 1152 1652 funditus
1186 1609 1512 1674 extinguatur.
1580 1611 1654 1661 In-

82 1719 229 1768 terim
254 1716 405 1764 teneri
430 1712 737 1778 Principem,
754 1714 1046 1762 venationes
1071 1713 1453 1779 prohibentem,
1470 1727 1653 1775 resarci-

79 1850 130 1884 re
151 1829 348 1883 subditis
390 1827 577 1879 damna
604 1827 632 1878 a
663 1825 773 1877 feris
800 1827 909 1894 ipfis
928 1865 944 1885 ‚
978 1828 1055 1878 vel
1084 1829 1112 1880 a
1144 1834 1465 1886 venatoribus
1487 1831 1613 1891 facta
1635 1878 1653 1899 ,

79 1943 214 1996 haud
252 1945 572 2010 negaverim,
609 1943 682 1990 uti
715 1939 927 1990 vicissim
962 1940 1190 1995 constat,
1234 1942 1324 1993 effe
1357 1949 1408 1995 in
1445 1948 1650 2002 arbitrio

82 2057 370 2121 Principum
384 2090 398 2109 ‚
427 2050 629 2119 qualem
645 2048 1072 2117 transgressoribus
1100 2050 1357 2107 decernere
1376 2059 1530 2111 velint
1547 2080 1653 2130 poe-

82 2172 245 2221 namt
279 2163 522 2215 mulctam
555 2165 893 2228 pecuniariam
917 2197 933 2218 ‚
976 2177 1251 2221 carcerem,
1275 2166 1651 2235 relegationem.

81 2285 137 2335 In
157 2280 355 2333 arbitrio
377 2282 513 2329 enim
533 2284 642 2344 quae
671 2276 782 2326 sunt
796 2313 811 2332 ‚
830 2278 1193 2337 extensionem,
1215 2279 1268 2331 ὃ(
1296 2283 1650 2341 restrictionem

82 2394 367 2447 admittunt.
444 2387 681 2441 Acerbitas
702 2392 754 2437 in
772 2404 858 2437 eos
879 2392 1063 2455 agitur,
1089 2406 1311 2457 quorum
1324 2402 1648 2449 contumacia

80 2502 449 2572 incorrigibilia,
471 2518 607 2551 -cum
633 2511 936 2566 contemptu
958 2499 1196 2566 Principis
1214 2501 1480 2563 conjuncta
1505 2539 1519 2559 ‚
1549 2521 1645 2570 pae-

24 2657 28 2660 ,
79 2627 397 2685 namauget,
422 2614 720 2681 &aggravat
736 2639 753 2670 ‚-
791 2610 877 2661 ubi
898 2623 1015 2662 tum
1040 2611 1128 2661 ista
1149 2611 1320 2678 potius
1346 2612 1647 2671 adhaerentia

898 2724 941 2774 Y
1490 2734 1574 2780 cri-

209 2847 299 2911 (6)
338 2847 485 2897 Franc.
498 2844 549 2895 de
571 2848 748 2910 Amaga.
761 2841 813 2889 de
828 2844 1070 2909 venatq‘er.
1092 2841 1224 2902 n..4k.
