1992 3319
383 279 446 325 54

312 363 470 416 deside
496 362 753 432 gloriosior
771 361 854 419 est.
925 359 998 412 Ex
1023 359 1264 412 omnibus
1281 365 1530 413 virtutum
1553 364 1769 429 praemiis
1791 373 1897 411 am·

312 472 594 541 pliffimum
611 470 676 520 est
691 472 962 536 praemium
982 468 1151 537 gloriae
1168 509 1182 534 ,
1219 487 1329 539 quae
1349 477 1463 523 vitae
1482 471 1782 523 brevitatem
1805 484 1899 540 po·

314 585 536 636 steritatis
575 576 829 632 memoria
861 579 1179 642 consolatur3
1222 598 1332 649 quae
1374 578 1558 641 efficit,
1589 594 1646 633 ut
1678 581 1896 632 absentes

315 697 530 749 adsimus
550 732 566 753 ,
602 697 794 745 mortui
818 696 1050 744 vivamus
1077 729 1092 750 ,
1129 693 1267 756 cujus
1293 691 1525 763 gradibus
1554 698 1705 745 etiam
1731 693 1899 744 homi-

318 827 409 862 nes
429 813 480 860 in
500 807 684 859 caelum
717 805 949 856 videntur
977 803 1242 858 ascendere.
1351 808 1476 861 Sane
1495 810 1777 877 praestantes
1798 810 1900 859 Viri

316 921 544 986 (Reges,
569 918 621 970 ὃ(
644 918 759 970 belli
787 916 957 970 Duces
986 916 1252 986 intelligo)
1280 935 1548 988 nunquam
1569 931 1708 969 tanta
1730 919 1901 967 conati

314 1029 462 1080 essent
488 1067 505 1090 ,
541 1044 652 1096 quae
693 1025 755 1078 ad
787 1026 1085 1095 posteritatis
1109 1032 1419 1079 memoriam
1448 1032 1780 1095 pertinerent,
1815 1024 1901 1074 nifi

313 1143 490 1195 animo
515 1142 739 1195 vidiffent
757 1179 772 1199 ‚
810 1142 1153 1210 posteritatem
1175 1139 1236 1191 ad
1266 1143 1309 1191 se
1345 1144 1597 1208 pertinere.
1708 1137 1901 1189 Nonne

313 1257 494 1309 melius
519 1255 689 1306 multo
722 1253 882 1306 fuiffet
901 1291 915 1312 ‚
950 1258 1020 1305 ait
1046 1252 1179 1304 Cato
1200 1253 1398 1316 Major,
1434 1253 1652 1306 otiosam
1674 1262 1902 1306 aetatem,

316 1369 370 1422 ὃς
397 1373 620 1438 quietem
651 1367 751 1418 fine
783 1365 889 1417 ullo
917 1365 1090 1417 labore
1111 1401 1126 1422 ‚
1165 1362 1216 1416 ὅ(
1250 1366 1578 1414 contentione
1607 1359 1861 1411 traducere
1885 1359 1902 1410 ἒ

312 1482 388 1536 sed
437 1481 598 1533 nescio
627 1516 643 1538 ,
687 1476 958 1547 quomodo
987 1480 1188 1528 animus
1217 1474 1303 1526 sese
1340 1478 1526 1543 erigens
1560 1474 1904 1542 posteritatem

313 1603 385 1650 ita
405 1597 639 1666 prospicit
662 1632 679 1658 ,
719 1594 854 1664 quasi
873 1631 888 1651 ‚
932 1594 1054 1646 cum
1083 1595 1326 1645 excesserit
1354 1593 1379 1643 e
1413 1595 1515 1643 vita
1539 1626 1556 1647 ,
1595 1586 1805 1656 denique
1836 1590 1904 1640 vi-

317 1710 482 1763 &urus
503 1708 571 1760 sit.

574 1816 711 1868 Nihil
799 1815 960 1885 magis
1036 1819 1240 1868 animos
1321 1811 1638 1866 nobiliorum
1690 1812 1906 1865 Ducum

319 1926 482 1994 (quid
527 1926 693 1979 dicam
719 1925 778 1978 de
801 1925 1093 1995 Regibus?)
1114 1930 1292 1996 pungit
1310 1964 1326 1985 ‚
1363 1944 1421 1978 ac
1464 1927 1677 1979 solicitos
1715 1923 1869 1976 habet
1890 1962 1906 1984 ‚

320 2036 481 2105 quam
506 2047 563 2086 ut
581 2036 1218 2108 praeclarumlpraeconium
1248 2042 1474 2091 nominis
1504 2037 1649 2089 suiad
1677 2037 1903 2106 posteros

320 2155 671 2206 transmittant
695 2191 710 2215 ,
748 2151 1015 2221 nullusque
1044 2156 1097 2204 in
1128 2151 1344 2205 fortium
1379 2152 1582 2222 Regum
1612 2151 1901 2221 pectoribus

322 2263 522 2316 aculeus
548 2264 717 2331 gloriae
737 2265 1008 2337 cupiditate
1034 2271 1194 2318 acrior
1222 2264 1310 2319 effe
1338 2266 1516 2335 potest.
1587 2264 1707 2317 Inde
1737 2264 1903 2317 nullus

321 2376 502 2428 horror
555 2382 737 2428 mortis
758 2415 773 2435 ,
825 2338 1005 2430 eadem
1063 2379 1253 2448 semper
1300 2379 1512 2431 audendi
1550 2378 1784 2448 voluptas
1823 2378 1904 2433 est-

323 2488 508 2539 Seneca
529 2493 579 2538 in
599 2489 815 2558 Thyeste
837 2528 852 2548 ‚
891 2490 1011 2560 quid
1036 2492 1231 2560 Regem
1270 2491 1418 2545 faciat
1441 2530 1455 2551 ‚
1496 2497 1769 2562 postquam
1794 2508 1907 2545 om-

323 2609 406 2655 nia
444 2605 646 2674 Regum
686 2607 887 2676 insignia
910 2645 925 2666 ,
978 2624 1294 2678 purpuram,
1332 2606 1519 2661 divitias
1540 2647 1555 2673 ,
1592 2613 1906 2661 comitatum

1740 2719 1831 2771 Re-
