1992 3319
361 313 429 363 πο

293 406 485 461 dedere.
558 398 783 460 Perfido's
808 399 1025 466 dein,‘&
1046 408 1075 459 a
1104 406 1199 459 fide
1224 406 1287 458 ad
1316 400 1545 476 pristinos
1570 423 1679 458 non
1715 408 1880 461 modo

290 517 490 570 furores
510 555 528 575 ‚
562 516 638 568 sed
667 522 826 569 etiam
869 523 1066 585 rapinas
1102 515 1385 587 transfugas
1417 557 1434 576 ‚
1479 519 1651 570 Caroli
1692 519 1881 589 legatus

292 633 466 685 Ericus
490 670 508 690 ‚
536 631 658 683 Dux
677 632 718 683 F
720 630 1025 694 orojulienfis
1052 634 1168 680 vicit
1191 667 1206 687 ,
1243 640 1397 697 capto
1429 645 1612 679 eorum
1656 629 1883 698 Principe

292 746 459 815 *Iringo
483 783 497 803 ‚
529 745 752 814 gazaque
775 748 923 795 omni
946 784 965 809 ,
1004 754 1085 794 tot
1104 742 1237 792 retro
1261 740 1442 793 saeculis
1467 756 1525 790 ex
1542 742 1723 807 rapinis
1765 759 1883 795 con·

297 859 448 908 tinuis
466 856 683 914 corrasa.
759 861 956 928 Opima
977 861 1084 912 haec
1095 861 1247 929 spolia
1266 862 1482 914 Carolus
1507 865 1884 933 meliori‚quam

297 966 427 1018 olim
452 968 679 1020 Romani
716 969 826 1032 Jovi
863 971 1155 1038 Capitolino
1186 972 1414 1041 trophaea
1443 976 1524 1025 sua
1555 972 1751 1026 affixere
1771 1015 1785 1034 ,
1821 978 1882 1027 sa-

296 1078 481 1129 crificio
498 1084 550 1130 in
581 1081 827 1132 Vaticano
854 1088 1138 1134 maximam
1163 1098 1362 1152 partem
1389 1089 1604 1155 appendi
1617 1091 1780 1153 jussit,
1820 1090 1883 1141 sa·

295 1188 359 1242 tis
381 1192 618 1259 amplum
638 1194 854 1244 vieloriae
872 1192 1095 1244 frustum
1127 1207 1264 1245 ratus
1290 1197 1463 1248 vi&ori
1485 1235 1499 1255 ‚
1531 1198 1649 1249 laesae
1668 1200 1880 1269 Religio·

294 1307 372 1353 nis
403 1301 621 1370 gloriam
666 1301 960 1365 vindicafl'e,
993 1306 1168 1373 postea
1200 1306 1384 1369 majori
1416 1304 1775 1358 emolumento
1815 1322 1882 1356 re-

294 1412 629 1465 staurandam,

670 1519 870 1590 Qanti
900 1525 1162 1570 momenti
1189 1519 1297 1571 haec
1321 1537 1536 1572 munera
1572 1520 1604 1572 ὲ
1633 1520 1804 1573 Leone
1830 1528 1883 1575 in

289 1644 600 1685 orn-amenta
624 1631 945 1700 templorum
964 1630 1094 1683 faa-a
1113 1670 1130 1690 ‚
1166 1629 1425 1700 qualisque
1443 1631 1694 1682 thesaurus
1718 1631 1884 1683 fuerit,

289 1749 637 1818 obstupescet,
670 1752 755 1816 qui
774 1747 902 1815 leget
922 1747 1201 1815 specificam
1234 1752 1478 1798 omnium
1498 1746 1882 1815 descriptionem

292 1866 346 1912 in
364 1861 561 1912 Palatio
577 1899 591 1919 ‚
625 1863 717 1927 (4)
733 1863 1060 1930 prolixiorem
1085 1898 1102 1918 ‚
1132 1860 1289 1928 quam
1309 1871 1363 1911 ut
1395 1856 1477 1909 hic
1495 1863 1684 1926 apponi
1709 1859 1877 1926 possit.

291 1973 472 2024 Praeter
495 1972 603 2023 haec
621 1974 952 2025 Ecclefiarurn
977 1984 1278 2022 ornamenta
1295 2009 1311 2028 ,
1337 1986 1582 2038 magnam
1605 1975 1756 2020 etiam
1773 1988 1877 2038 par-

294 2096 404 2136 tem
421 2084 528 2135 Leo
557 2089 610 2134 in
631 2084 854 2135 Clericos
881 2089 1137 2153 erogavit,
1169 2085 1307 2147 juxta
1331 2084 1648 2133 voluntatem
1672 2101 1875 2151 erogan‘

292 2200 355 2248 tis
381 2234 396 2254 ‚
443 2201 547 2253 ita,
592 2207 648 2245 ut
680 2211 766 2263 per
801 2194 910 2245 haec
944 2194 1173 2245 submissa
1210 2210 1421 2244 munera
1468 2192 1699 2243 Pontifex
1729 2196 1874 2255 (teste

295 2310 599 2373 Anastafio)
635 2305 783 2357 Clero
814 2307 900 2356 suo
925 2343 942 2363 ‚
971 2307 1202 2374 Rogam,
1234 2304 1536 2372 stipendium
1583 2302 1789 2359 scilicet,
1823 2306 1874 2353 in

296 2416 602 2486 presbyterio
636 2415 858 2465 maxime
893 2415 1218 2483 ampliaverit.
1328 2416 1520 2483 Magna
1558 2414 1665 2465 haec
1694 2419 1745 2464 in
1777 2415 1874 2464 san-

296 2528 432 2577 &am
457 2525 620 2576 sedem
653 2526 1000 2576 munificentia
1038 2520 1313 2575 deFestuosa
1342 2523 1599 2575 videbatur
1648 2523 1839 2574 Carolo
1861 2560 1876 2580 ‚

292 2633 378 2683 nili
413 2630 576 2683 eidem
609 2621 1018 2700 pretiosissimum
1059 2646 1365 2701 apponeret,
1414 2635 1721 2686 continuum
1757 2649 1875 2687 tum

1640 2746 1801 2798 defen-

418 2863 489 2921 (4)
525 2856 643 2905 Mihi
653 2859 699 2924 fi
721 2873 842 2925 404.
