1992 3319
1435 289 1538 344 289

44 400 262 450 minatur
289 390 582 448 differentia,
607 386 747 458 quod
784 385 864 438 illa
882 384 1057 443 rebus,
1087 383 1165 435 hae
1191 382 1405 450 personis
1430 399 1523 450 pro
1548 397 1615 433 re·

46 509 136 559 bus
161 511 507 574 imponantur.
580 500 804 554 Colle&a
831 504 897 553 est
918 517 1107 566 munus
1138 499 1288 557 reale,
1313 499 1453 567 quod
1471 514 1614 566 pecu-

24 662 26 668 ,
47 619 152 678 nia,
172 619 249 670 vel
262 615 496 669 fructibus
510 656 524 680 ,
551 628 637 667 aut
653 611 799 666 rebus
816 608 931 683 ipsis
958 613 1208 681 praestatur
1226 611 1286 663 acl
1308 611 1614 679 Reipublicae

45 730 323 791 utilitatem.
394 726 524 779 Finis
539 727 885 779 Collestorum
902 744 915 789 3
935 741 990 779 ut
1006 732 1234 795 Princeps
1250 767 1262 789 ,
1295 739 1381 778 aut
1393 728 1618 795 Respub-

24 836 132 888 lica
152 836 406 888 necessaria
425 837 538 889 inde
567 845 804 907 percipiat
823 840 1037 890 subsidia.
1111 839 1303 906 Species
1330 838 1466 909 ἀιιεε,ι
1491 837 1616 888 ordio

24 934 210 1002 ‚hariae,
239 939 290 992 ὃ(
310 941 702 995 extraordinariae
725 959 739 1005 3
776 944 866 995 illae
884 948 1138 995 canonicae
1158 931 1281 1009 (sive
1294 945 1452 1003 statae,
1472 943 1523 996 ἃ
1537 963 1617 996 an-

44 1070 180 1114 nuae,
200 1056 295 1104 five
318 1059 695 1123 temporaneae)
729 1056 958 1108 dicuntur
981 1076 993 1117 3
1025 1054 1101 1108 hae
1121 1056 1416 1108 collationes
1445 1072 1499 1107 ex
1525 1061 1616 1109 im-

26 1167 237 1236 proviso
260 1165 473 1225 indictae,
492 1183 615 1236 quas
635 1167 807 1219 {cilicet
832 1166 1111 1219 adventitiae
1125 1166 1418 1218 necessitatis
1436 1169 1615 1219 sarcina

4 1329 5 1334 ,
26 1283 296 1351 ¹repentina
306 1282 359 1328 in
374 1277 693 1330 sublevamen
709 1285 864 1349 exigit.
940 1282 1131 1350 Magna
1154 1285 1447 1337 aeconomiae
1461 1282 1618 1334 Satra-

0 1416 4 1437 l

43 1391 162 1460 picae
185 1391 366 1443 utilitas
385 1406 439 1442 ex
462 1390 642 1442 harum
665 1389 1007 1441 Collectarum
1034 1393 1360 1458 proventibus
1393 1390 1615 1453 accedit3

44 1507 205 1573 majus
223 1521 396 1560 tamen
425 1509 749 1572 damnum,s1
770 1508 845 1560 vel
863 1508 1012 1560 nimis
1039 1512 1280 1567 onerosae,
1312 1509 1363 1561 ὃ(
1385 1522 1517 1561 extra
1541 1524 1615 1559 or-

27 1621 211 1687 }dinem
234 1622 556 1690 colliguntur,
581 1618 681 1680 vel,
704 1622 732 1670 si
748 1623 896 1671 etiam
911 1620 1028 1684 juste
1041 1619 1256 1671 collectae
1283 1623 1333 1670 in
1355 1617 1476 1668 alios
1489 1618 1615 1669 sum·

27 1734 28 1741 ’
47 1749 159 1806 ptus
176 1735 520 1788 distrahuntur.
594 1733 741 1786 Unde
753 1732 872 1801 saepe
886 1732 940 1782 fit
960 1747 1281 1799 cummagno
1302 1728 1616 1781 subditorum

49 1847 293 1919 dispendio
324 1887 338 1908 ,
368 1846 478 1900 imo
507 1850 661 1899 etiam
692 1846 840 1907 odio,
865 1858 921 1896 ut
953 1843 1345 1895 extraordinariae
1371 1843 1615 1894 transeant

28 1962 95 2013 'in
121 1959 386 2011 ordinarias
409 1996 422 2021 ,
458 1958 626 2027 eaeque
649 1994 664 2016 ‚
703 1972 813 2026 quae
837 1954 1036 2008 caducae
1061 1957 1149 2006 esse
1174 1954 1446 2012 debebant,
1468 1969 1619 2007 onere

50 2078 313 2126 communi
329 2072 602 2131 subsistant,
627 2070 678 2123 ἅ
695 2076 1061 2122 continuentur.
1133 2069 1257 2120 Sane
1277 2079 1333 2119 ut
1346 2067 1462 2118 huic
1474 2065 1616 2118 malo

30 2177 256 2260 cautum
292 2184 447 2247 foret,
476 2182 583 2236 haec
624 2198 861 2253 perpetua
905 2180 1168 2234 bonorum
1217 2180 1514 2249 Principum
1565 2186 1617 2240 in

51 2294 157 2370 suos
185 2295 404 2348 subditos
441 2295 536 2347 fuit
567 2291 914 2346 benevolentia
934 2327 947 2350 ,
978 2304 1034 2341 ut
1066 2288 1294 2340 collestas
1318 2286 1380 2337 ab
1411 2289 1476 2335 eis
1508 2300 1617 2335 non

52 2418 324 2481 exigerent,
359 2410 546 2462 etiamfi
582 2406 807 2477 possent,
845 2408 915 2455 uti
945 2398 1179 2470 possunt,
1221 2398 1307 2448 nisi
1344 2412 1411 2446 eae
1445 2398 1617 2444 utrim-

32 2499 144 2595 que
185 2504 270 2598 per
325 2525 539 2578 Ordines
579 2519 852 2573 Provinciae
908 2527 1094 2568 mutuo
1151 2509 1391 2575 consensu
1427 2507 1620 2557 fuissent

33 2641 410 2714 vcomprobata-².
516 2639 695 2705 Neque
713 2640 765 2686 in
798 2629 1034 2682 Comitiis
1065 2627 1200 2677 hunc
1220 2630 1271 2674 in
1306 2622 1460 2674 finem
1503 2633 1621 2669 con-

52 2768 239 2816 vocatis
273 2755 480 2812 difficilis
525 2767 754 2822 unquam
789 2753 875 2799 erit
907 2744 1123 2796 subditus
1144 2780 1157 2806 ‚
1193 2742 1351 2792 finon
1388 2730 1516 2784 ultra
1553 2731 1621 2790 vi·⁴

794 2855 974 2912 Dddd
1032 2851 1069 2878 ‘⁷
1470 2855 1544 2894 res
